2792 5167
1054 422 1453 483 ...117-

317 586 536 669 capite
597 586 820 665 vultu,
880 599 1141 665 quatuor
1198 585 1511 667 auribus,
1573 587 1960 671 genitalibus
2005 590 2184 659 binis.

323 703 750 771 Procedebant
788 700 972 783 recti,
1015 718 1084 770 nt
1127 719 1296 771 nunc
1331 704 1545 769 solent
1566 752 1590 785 ‚
1611 725 2025 789 quocumque
2069 711 2191 775 vel·

323 823 504 904 lent;
552 821 664 887 sed
687 814 1246 902 festinantes-‚octo
1286 820 1414 887 illis
1456 822 1753 889 membris
1790 823 2034 906 innixi,
2067 826 2190 892 cir·-

315 938 805 1007 cnmvolvebant
859 957 928 1004 se
973 938 1361 1006 velocissime
1385 987 1410 1022 ,
1474 958 1689 1007 eorum
1756 942 1998 1019 instar,
2068 943 2183 1025 qui

313 1056 380 1122 in
426 1072 615 1141 caput
663 1056 911 1123 saltant.
997 1056 1145 1144 Quo
1191 1077 1339 1129 cum
1389 1073 1600 1127 essent
1652 1058 1942 1143 corporis
1985 1059 2181 1125 robo-

303 1194 373 1239 re
435 1173 732 1257 ingente,
800 1194 980 1257 pares
1041 1172 1340 1256 gerebant
1393 1173 1657 1256 spiritus
1714 1191 1777 1240 et
1833 1176 2009 1258 ipsos
2066 1197 2173 1261 ag-

299 1291 506 1376 gressi
562 1306 722 1358 sunt
773 1292 1016 1359 Deos..
1060 1288 1314 1374 Jupiter
1344 1336 1368 1370 .‚
1430 1289 1702 1355 concilio
1785 1309 2128 1359 convocato
2153 1343 2175 1376 ,

299 1428 456 1475 cum
501 1408 652 1475 Diis
693 1405 1041 1486 deliberat,
1085 1405 1240 1486 quid
1285 1404 1374 1471 sit
1404 1404 1468 1470 in
1511 1406 1802 1473 homines
1830 1410 2172 1491 agendum:

303 1526 483 1591 haud
548 1523 896 1608 reperiunt.
981 1523 1146 1589 Nam
1205 1522 1435 1595 nolunt
1480 1541 1589 1589 eos
1629 1521 1891 1590 fulmine
1947 1526 2181 1609 delere,

304 1658 390 1707 ne
450 1640 698 1711 scilicet
778 1639 1126 1706 honoribus
1199 1636 1652 1724 sacrificiisque
1723 1632 2182 1727 destituantur,⁴

299 1757 541 1842 quibus
587 1758 766 1843 ipsos
812 1772 1318 1842 prosequuntut:
1365 1776 1481 1830 nec
1536 1777 1687 1824 vero
1738 1758 1904 1835 ferre
1940 1773 2175 1827 tantam

297 1875 708 1942 insolentiam
766 1891 1061 1958 possunt.
1149 1874 1435 1941 Tandem
1466 1875 1712 1957 jupiter
1736 1923 1761 1957 ,
1806 1897 1872 1942 re
1912 1897 2181 1971 perpen-
2264 1864 2275 1875 ⁸

302 2012 377 2059 sn
406 2040 432 2074 ‚
489 1991 714 2059 videor
791 1990 944 2057 mihi
967 2039 991 2072 ‚
1052 1990 1262 2073 inquit
1283 2038 1308 2072 ,
1379 1991 1680 2059 rationem
1754 1992 2181 2075 excogitasse,

301 2129 432 2193 qua
505 2108 787 2176 desinant
831 2108 914 2179 ita
959 2107 1336 2175 insolescere
1391 2106 1683 2189 homines
1709 2155 1733 2190 ,
1787 2124 1915 2203 nec
1980 2123 2183 2194 tamen

295 2243 586 2313 pereant.
675 2225 1027 2295 Dissecabo
1072 2224 1362 2307 singulos
1407 2226 1472 2290 in
1512 2227 1665 2293 duas
1698 2239 1953 2309 partes:
2001 2241 2188 2295 erunt

298 2345 396 2412 sic
460 2343 830 2411 infirmiores
891 2361 953 2410 et
1005 2343 1198 2410 simul
1273 2342 1464 2409 nobis
1526 2342 1860 2424 utiliore5‚
1943 2344 2181 2427 quippe

292 2482 563 2531 numero
618 2465 855 2545 plures.
942 2460 1048 2529 Sic
1097 2461 1316 2543 fatus,
1378 2457 1661 2527 bifariam
1718 2459 2022 2543 dissecuit
2062 2462 2178 2527 ho·

292 2582 502 2648 mines
525 2629 550 2663 ‚
605 2581 1044 2662 sanandosque
1100 2600 1211 2653 eos
1270 2577 1553 2661 Apollini
1608 2578 1933 2649 tradidit.”
2012 2578 2179 2663 Qui..

299 2699 432 2762 bus
489 2695 714 2761 festive
766 2697 1063 2761 enarratis
1084 2743 1108 2776 ‚
1151 2694 1484 2777 subiungit
1538 2694 2040 2777 Aristophanes:
2088 2701 2175 2768 ἐςὶ

303 2819 378 2893 δὴ
425 2814 524 2883 οὖν
566 2816 634 2880 ἐκ
672 2817 846 2881 τόσου
883 2816 911 2879 ὃ
954 2814 1090 2894 ἔρως
1141 2814 1409 2893 ἔμφυτος
1460 2813 1744 2889 ἀλλήλων
1805 2822 1928 2885 τοῖς
1983 2815 2188 2894 ἀνθρώ-

296 2960 468 3010 ποις.
557 2927 666 2995 Ab
721 2929 833 2994 hoc
881 2924 1028 2991 inde
1061 2941 1334 3014 tempore
1387 2927 1648 3001 innatus
1698 2940 1789 2991 est
1845 2926 2186 2994 hominibus

292 3070 484 3116 amor
543 3063 830 3114 mutuus.
919 3045 1081 3112 Nam
1137 3042 1360 3113 divisis
1411 3042 1536 3109 illis
1600 3042 1663 3123 in
1719 3044 1875 3115 duas
1927 3062 2131 3132 partes
2153 3097 2177 3130 ‚

291 3184 715 3251 unaquaeqne
761 3182 914 3247 pars
960 3181 1146 3228 suum
1208 3161 1594 3245 quaeritabat
1652 3162 2021 3249 dimidium,
2080 3165 2179 3231 in-

296 3302 679 3369 ventumque
726 3279 1082 3350 vehementi
1141 3279 1356 3349 studio
1419 3282 1915 3366 amplexabatur.
2005 3282 2178 3349 Hinc

309 3401 460 3467 mira
509 3402 612 3466 illa
666 3399 871 3466 omnia
891 3445 916 3479 ,
981 3417 1139 3481 quae
1201 3397 1266 3470 in
1328 3417 1538 3464 amore
1613 3399 1970 3466 etiamnunc
2016 3396 2183 3461 obti-

311 3532 484 3582 nent.
566 3517 831 3604 Quando
875 3514 1039 3581 enim
1091 3513 1194 3580 cui
1250 3513 1613 3597 contingit,
1686 3528 1759 3579 ut
1822 3512 1887 3577 in
1928 3526 2181 3595 ‘partem

312 3633 460 3715 sni,
521 3632 584 3701 in
639 3634 735 3698 sni
798 3632 1124 3703 dimidium
1187 3645 1250 3695 et
1329 3636 1638 3727 σύμβρλον
1700 3628 1977 3706 incidat,
2060 3647 2182 3694 am-

304 3753 399 3825 bo
498 3749 585 3815 illi
663 3751 1119 3832 obstupescunt
1167 3746 1476 3815 continuo
1506 3791 1531 3825 ,
1633 3742 1947 3808 discedere
2010 3724 2075 3812 a‘
2113 3767 2182 3814 se

211 3920 222 3933 .
305 3870 575 3937 invicem
645 3870 919 3945 nolunt,
1023 3884 1144 3930 nec
1219 3864 1428 3928 dicere
1506 3874 1788 3942 queunt,
1852 3860 2001 3942 quid
2059 3862 2201 3943 sibi„

299 4009 336 4060 a
407 4006 478 4055 se
550 3985 814 4053 invicem
870 3997 1197 4069 expetant:
1285 3998 1414 4044 non
1476 3979 1633 4045 enim
1700 3978 1763 4045 id
1818 3998 1966 4066 esse·
2016 3981 2191 4045 vide-

1174 4097 1238 4169 Η
1285 4118 1321 4183 3
2082 4106 2186 4161 tut
