2792 5167
1577 462 1994 508 —202—

849 620 1021 683 tuna.
1109 620 1325 684 Artem
1382 636 1600 700 postea
1645 634 1722 685 ex
1785 622 1896 687 his
1949 619 2179 685 factam
2209 667 2234 701 ,
2273 618 2599 683 momlemex

844 732 1209 799 mortalibus
1234 781 1258 814 ,
1314 734 1548 800 ludicra
1591 739 1902 819 quaedam
1945 736 2199 822 negotia
2241 733 2513 815 genuisse,
2538 749 2603 793 ve

842 848 1045 915 rimis
1108 849 1353 930 quidem
1409 871 1537 915 non
1595 872 1988 936 magnopere
2047 854 2409 935 participia,
2451 844 2604 911 sedsi·

840 969 1111 1032 mulacra
1146 969 1436 1049 quaedam
1473 968 1594 1033 sibi
1635 969 1789 1051 ipsis
1831 988 2116 1053 cognata
2139 1016 2162 1049 ,
2211 967 2396 1050 qualia
2419 967 2604 1046 pictura,

840 1086 1124 1164 musica,
1172 1102 1564 1167 caeteraeque
1606 1101 1768 1151 artes
1807 1085 1919 1153 his
1959 1086 2205 1150 similes
2248 1094 2516 1168 generant.
2566 1075 2609 1140 Si

840 1218 1000 1282 quae
1051 1220 1195 1265 vero
1250 1217 1412 1265 artes
1468 1202 1692 1266 serium
1747 1202 2002 1285 aliquid
2065 1201 2348 1278 faciunt,
2385 1211 2608 1269 casem

837 1336 999 1399 quae
1046 1318 1169 1381 vim
1224 1334 1394 1382 suam
1447 1338 1585 1383 cum
1648 1336 1870 1383 natura
1929 1318 2428 1384 communicant:
2477 1308 2610 1390 qm&

831 1449 927 1499 est
986 1432 1326 1514 medicina,
1392 1436 1813 1517 agricultura,
1887 1433 2322 1519 gymnastica.
2422 1426 2606 1495 civim

830 1568 1137 1632 praeterea
1182 1551 1614 1633 prudentiam,
1673 1554 1891 1637 ajunt,
1961 1556 2167 1636 parva
2221 1548 2458 1631 quadam
2493 1552 2609 1624 pm

825 1686 963 1732 cum
1000 1670 1258 1748 natura,
1298 1672 1518 1750 magna
1556 1687 1703 1734 vero
1739 1688 1882 1733 cum
1922 1687 2067 1733 arte
2107 1664 2602 1741 convenire,atqne

824 1782 909 1848 ita
956 1788 1307 1849 universam
1364 1784 1808 1867 legislationem
1849 1804 1992 1850 non
2043 1785 2325 1860 natura,
2373 1778 2462 1841 sed
2489 1786 2599 1844 arte,

823 1901 1005 1985 cujus
1036 1918 1163 1966 non
1200 1921 1340 1966 vera
1380 1919 1530 1966 sunt
1568 1905 1851 1982 decreta,
1893 1919 2230 1967 constare.
2313 1897 2464 1961 Deos
2493 1885 2600 1953 stili·

822 2034 923 2084 cet
960 2017 1112 2098 isti,
1148 2034 1275 2083 non
1316 2024 1534 2085 naturzl
1580 2039 1717 2084 esse
1754 2022 1930 2103 ajunt
1953 2068 1978 2100 ‚
2025 2020 2145 2085 sed
2179 2030 2311 2082 arte
2347 2025 2402 2076 et
2435 2003 2597 2086 lssgst’fl‘

824 2135 1194 2219 quibusdam
1238 2133 1576 2203 informari.
1607 2135 1688 2203 (ι)
1784 2136 1898 2201 Hic
1967 2134 2264 2210 Clinias,
2314 2126 2516 2210 qualem
2547 2130 2594 2176 m

821 2254 1111 2333 tandem,
1154 2272 1195 2316 o
1239 2254 1515 2333 hospes,
1557 2270 1898 2316 sermonem
1959 2246 2308 2324 enarrasti,
2361 2248 2594 2323 quantffl·

820 2387 944 2449 que
986 2370 1285 2452 juvenum
1348 2385 1577 2449 pestem
1623 2384 1687 2433 et
1739 2370 1994 2451 publice
2027 2363 2391 2433 civitatibus
2429 2370 2479 2420 et
2507 2343 2593 2433 pri·

816 2484 1004 2550 vatim
1051 2484 1343 2549 domibus
1384 2484 1648 2551 illatam!

898 2601 1068 2667 Haec
1109 2600 1300 2684 igitur
1336 2600 1856 2683 pbilosophorum
1906 2602 1983 2666 de
2031 2600 2174 2669 Diis
2219 2592 2420 2679 placita
2447 2584 2582 2704 Phttf·
2677 2606 2690 2729 Ὗ

814 2716 915 2783 nis
969 2734 1163 2784 aetate
1217 2718 1682 2783 celebrabantur
1745 2718 2052 2783 maxime:
2138 2712 2363 2798 quibus
2403 2701 2483 2769 alii
2524 2707 2583 2757 ⁵le
2688 2758 2690 2843 4

812 2834 1273 2917 repugnabant,
1332 2850 1401 2898 ut
1439 2854 1572 2898 esse
1615 2837 1782 2900 Deos
1825 2850 2170 2917 ponerent,
2219 2831 2323 2896 sed
2362 2816 2507 2892 simul
2531 2821 2577 2873 ¹¹²

810 2950 1038 3015 nullam
1076 2969 1215 3014 esse
1251 2969 1464 3014 eorum
1510 2950 1575 3015 in
1612 2971 1811 3016 rerum
1853 2967 2132 3017 naturam
2180 2968 2240 3014 et
2278 2949 2486 3010 nosmet
2513 2931 2574 3011 iP‘

807 3084 915 3131 sos
957 3065 1404 3148 providentiam
1430 3111 1452 3146 ‚
1505 3072 1966 3133 contenderent.
2057 3067 2270 3132 Nobis
2305 3074 2469 3131 vero,
2496 3059 2566 3109 ²⁰·

808 3197 1083 3263 teaquam
1127 3180 1202 3245 iis
1241 3181 1553 3264 puriorem
1605 3186 1908 3265 quandam
1950 3186 2375 3262 sanioremque
2409 3158 2569 3236 docui·

802 3315 939 3362 narn
961 3315 1344 3378 apponamus
1362 3344 1386 3377 ,
1413 3317 1570 3378 quae
1601 3298 1666 3361 in
1691 3300 1961 3365 Platonis
1983 3318 2182 3366 exstat
2207 3278 2562 3381 philosoph³³²

804 3420 1026 3497 poetae
1067 3415 1212 3480 item
1262 3414 1501 3496 antiqui
1547 3416 1975 3481 considerandi
2026 3433 2225 3497 sunt,
2277 3391 2558 3493 quoi-tnui!1

798 3531 1178 3598 carminibus
1250 3532 1357 3598 Dii
1436 3532 1588 3597 mirai
1656 3530 2074 3598 informantur
2135 3514 2390 3618 specie,
2448 3530 2501 3579 ut
2537 3522 2560 3567 ⁸

798 3665 1015 3715 sancto
1056 3649 1436 3731 divinoque,
1478 3650 1651 3731 quod
1693 3649 1756 3713 in
1800 3650 2013 3732 primis
2043 3648 2408 3733 quaerimus,
2433 3640 2555 3717 me’

799 3785 911 3841 sus
953 3767 1284 3832 abhorrere
1326 3766 1672 3831 videantur.

2690 2408 2692 2549 l

2482 3856 2546 3925 Dc

865 4044 947 4111 (ι)
992 4046 1076 4094 De
1104 4045 1267 4111 Legg·
1304 4044 1424 4095 888.
1465 4042 1538 4093 D.
1573 4068 1634 4085 -
1669 4043 1788 4110 889.
1831 4040 1894 4093 E.
