2792 5167
1439 443 1786 510 ...403-

680 612 796 682 ubi
856 612 1039 682 ferias
1094 609 1549 694 transigerent,
1611 621 1698 673 ut>
1746 624 1967 690 nempe
2019 608 2227 689 quoad
2281 615 2535 689 possent

680 749 754 797 ac
809 729 1023 796 liceret
1040 775 1066 812 ,
1106 748 1143 795 a
1180 726 1349 796 senis
1392 727 1584 794 latere
1623 742 1756 791 non
1794 723 2205 791 discederent.
2290 723 2537 792 Etenim

679 846 980 931 diligebat
1035 835 1385 928 discipulos
1441 861 1597 911 suos
1655 856 1719 908 et
1764 841 1858 908 sic
1906 841 1983 907 ab
2041 840 2119 908 iis
2172 840 2541 923 diligebatur

677 962 985 1060 vicissim.
1070 961 1239 1032 Nam
1293 959 1619 1029 verissime
1666 957 1950 1042 antiquit
2022 961 2079 1026 si
2133 961 2230 1027 νὴ
2290 961 2540 1039 amnti,

679 1099 855 1149 ama.
1841 1134 1845 1138 ⁴

764 1194 944 1280 Ergo
1010 1194 1339 1263 recesserit
1409 1193 1541 1262 fere
1609 1192 2142 1280 wyttenbachius
2211 1191 2290 1260 ab
2348 1193 2557 1259 homi--

683 1329 837 1381 num
888 1329 1013 1379 usu
1064 1317 1129 1378 'et
1172 1311 1566 1381 transtulerit
1630 1332 1702 1379 se
1772 1311 1838 1378 in
1907 1325 2188 1395 tempora
2252 1324 2499 1377 vetusta
2524 1355 2548 1390 ,

682 1428 1119 1514 praesentibus
1192 1442 1399 1497 tamen
1465 1428 1860 1515 temporibus
1931 1429 2355 1495 consulebat:
2437 1428 2552 1492 hac

684 1546 837 1616 item
885 1546 954 1615 in
995 1566 1062 1614 re
1109 1546 1484 1616 Ciceronem
1537 1546 1844 1614 imitatus.
1946 1543 2138 1612 Haud
2192 1542 2426 1610 frustm
2453 1542 2559 1610 ille

688 1663 963 1733 Athenis
1031 1663 1394 1730 morabatur
1444 1678 1510 1728 et
1569 1663 1886 1746 repetebat
1941 1661 2335 1728 Academiam
2354 1705 2377 1740 ‚
2456 1660 2562 1728 ubi

687 1779 934 1846 hortuli
1002 1779 1107 1843 illi
1162 1780 1358 1847 vicini
1410 1779 1614 1865 ipsum
1671 1775 2050 1844 videbantur
2105 1775 2434 1843 Platonem
2489 1780 2563 1842 in

690 1892 825 1981 ejus
880 1908 1203 1985 conspectu
1243 1909 1500 1985 ponere.
1597 1891 1675 1962 Id
1718 1889 2060 1959 effecerunt
2111 1910 2417 1960 excursus
2468 1892 2566 1961 illi

689 2029 760 2077 nn
815 2009 1145 2081 Graeciam
1221 2025 1286 2077 et
1359 2009 1429 2078 in
1497 2007 1871 2078 Academiae
1937 2029 2062 2078 non
2135 2011 2267 2077 sino
2339 2029 2566 2077 caussa

693 2125 1032 2194 nobilitata
1094 2128 1308 2216 spana
1325 2171 1353 2207 ,
1422 2139 1495 2192 ut
1561 2141 1730 2192 unus
1796 2125 2074 2191 omnium
2134 2125 2566 2193 Romanorum

690 2240 957 2308 maxime
1001 2241 1312 2323 populum
1364 2237 1638 2304 erudiret
1689 2238 2045 2305 Romanum
2070 2283 2095 2319 ,
2137 2238 2570 2322 imbueretque

695 2354 1218 2441 generosissimos
1294 2373 1590 2439 quosque
1654 2356 1918 2441 juvenes
1985 2355 2247 2424 Graecis
2318 2355 2515 2424 literis
2541 2407 2569 2440 ,

694 2470 1103 2559 philosophia
1121 2518 1148 2555 ‚
1209 2472 1423 2541 studio
1476 2472 1781 2541 Platonis.
1891 2473 2078 2541 Haud
2137 2473 2389 2557 quidem
2441 2476 2576 2558 pri-

696 2605 841 2658 mus
915 2585 1042 2656 fuit
1114 2587 1649 2672 wyttenbachius
1667 2636 1695 2672 ,
1757 2589 1868 2675 qui
1941 2590 2009 2657 id
2080 2589 2433 2657 institueret
2503 2590 2576 2658 in

694 2703 1065 2790 regionibus
1115 2704 1315 2775 hisce.
1402 2707 1569 2775 Nam
1618 2721 1693 2773 ut
1728 2722 1874 2774 ante
1910 2707 2225 2792 Scaliger,
2269 2708 2356 2775 ita
2393 2724 2577 2792 post-

699 2839 774 2891 ea
826 2822 1385 2906 Hemsterhusius,
1431 2823 1671 2909 quique
1725 2824 1952 2892 horum
2011 2840 2183 2893 erant
2232 2824 2580 2910 simillimi,

702 2937 971 3009 Graecis
1019 2939 1221 3009 literis
1278 2945 1560 3009 excolere
1621 2942 1891 3012 Batavos
1949 2943 2350 3010 studuerunt.
2451 2944 2584 3012 Sed

705 3056 933 3122 borum
986 3073 1172 3123 nemo
1220 3056 1424 3123 fuisse
1475 3058 1727 3124 videtur
1745 3103 1768 3138 ‚
1827 3059 1940 3141 qui
1998 3059 2064 3123 id
2112 3060 2386 3124 studeret
2435 3079 2589 3143 per-

703 3168 1044 3254 ficeretque
1091 3169 1427 3240 efficacius.
1508 3170 1861 3270 *Lucebant
1912 3177 2223 3258 praeclare
2277 3177 2589 3244 excellen-

702 3289 798 3358 tia
843 3286 995 3355 haec
1054 3287 1343 3372 ingenia,
1398 3289 1512 3356 sed
1579 3289 1671 3356 ita
1725 3289 1863 3357 fere
1883 3337 1906 3372 ‚
1963 3306 2036 3357 ut
2091 3312 2303 3360 eorum
2368 3297 2594 3388 lumen

709 3404 1058 3474 adverteret
1114 3421 1350 3489 paucos
1371 3451 1397 3486 ‚
1464 3405 1690 3473 caeteri
1763 3422 2092 3491 pergerent
2168 3408 2235 3473 in
2307 3410 2593 3479 tenebris

713 3523 850 3591 suis
890 3539 954 3589 et
988 3520 1271 3589 barbarie
1327 3523 1589 3590 versari.
1676 3524 1990 3592 Exortum
2027 3544 2201 3620 ‘vero
2256 3539 2354 3591 est
2394 3525 2594 3612 wyt-

712 3638 1029 3707 tenbachii
1081 3652 1278 3707 aetate
1342 3657 1579 3707 novum
1630 3640 1946 3723 quoddam
1995 3643 2595 3729 Jureconsultorum‘
2695 3680 2700 3683 ·

714 3769 778 3821 et
827 3776 982 3824 vero
1037 3757 1513 3840 Theologorum
1577 3776 1773 3842 genus
1794 3806 1820 3841 ‚
1874 3761 2210 3828 humanum
2236 3811 2260 3845 ‚
2303 3767 2550 3830 cultum
2564 3813 2594 3848 ,

712 3872 913 3942 literis
976 3874 1357 3957 perpolitum
1377 3921 1404 3956 ‚
1467 3874 1846 3958 quibuscum
1906 3879 2225 3946 lubentius
2273 3882 2418 3963 quis
2471 3884 2600 3948 ho-

642 4049 649 4054 .
716 3988 818 4058 die
873 3990 951 4056 de
1006 3990 1357 4071 Cicerone,
1435 3993 1515 4062 dc
1601 3993 1912 4079 Virgilio,
1996 3997 2073 4063 de
2132 3995 2403 4067 Horatio
2424 4043 2447 4081 ,
2511 3999 2600 4065 de

1561 4154 1568 4158 «
2457 4117 2591 4182 Xe-
