2792 5167
973 438 1422 533 -77-‚

216 603 639 686 Indignamur
693 617 930 689 autem,
1010 607 1144 674 imo
1213 625 1373 677 vero
1423 607 1693 676 ridemus
1746 607 2080 679 hominum

226 719 493 790 morum
574 720 1039 791 absurditatem.
1184 725 1351 792 Nam
1427 724 1658 792 sindles
1733 741 1880 791 sunt
1947 728 2023 795 iis
2042 771 2071 810 ‚

230 837 351 920 qui
379 840 758 908 contendere
788 842 1088 925 audeant,
1130 843 1336 911 coecis
1374 860 1444 909 se
1479 842 1689 909 oculis
1731 842 1939 908 visum
1970 842 2085 910 im·

231 954 561 1044 poeitums
607 975 781 1025 esse:
839 979 972 1043 quo
1022 978 1176 1027 sane
1233 960 1391 1028 nihil
1443 958 1601 1043 fingi
1662 959 1937 1042 ineptius
1983 959 2090 1023 ab·

232 1072 622 1157 surdiusque
673 1076 904 1160 possit.
1044 1077 1189 1146 Nos
1255 1095 1450 1156 vero.
1518 1073 1779 1143 homine
1833 1073 2097 1141 intel-ius

223 1189 548 1271 explorato
572 1237 599 1272 ‚
665 1206 741 1259 ut
813 1192 955 1260 veri
1017 1210 1293 1259 amorem
1366 1193 1435 1260 in
1486 1195 1626 1278 ejus
1689 1191 1904 1258 animo
1927 1236 1953 1272 ‚
2013 1188 2104 1255 ita

214 1307 467 1390 hym
492 1353 519 1390 ‚
581 1325 843 1374 sensum
890 1308 1223 1389 quemdam
1278 1308 1411 1376 veri
1470 1309 1840 1394 agnovimus
1858 1347 1883 1390 ,
1942 1325 2100 1373 ocu-

220 1425 361 1490 lum
417 1422 655 1489 mentis
680 1468 708 1502 ,
753 1442 887 1505 quo
929 1441 1059 1489 uno
1100 1423 1330 1491 verius
1356 1472 1382 1506 ‚
1426 1425 1493 1491 id
1532 1426 1707 1510 quod
1756 1436 1855 1492 est
1873 1470 1900 1506 ,
1940 1440 2095 1490 con·

228 1538 399 1622 spici
460 1552 709 1623 potest.
730 1605 755 1624 ‚
792 1538 926 1607 Illis
964 1539 1158 1627 igitur
1191 1540 1470 1609 cedimus
1490 1590 1516 1626 ,
1579 1556 1654 1608 ut
1689 1539 1953 1610 infinitis
1991 1538 2102 1605 ha·

228 1655 461 1722 bendis
508 1655 900 1723 orationibus
941 1671 1007 1736 et
1065 1657 1189 1725 sibi
1238 1674 1302 1725 et
1341 1657 1730 1726 auditoribus
1763 1659 2088 1741 placeant,

224 1771 601 1856 frustraque
657 1774 978 1854 laborent,
1042 1788 1121 1840 ut
1176 1775 1290 1841 bac
1334 1774 1581 1842 ratione
1621 1760 1952 1858 discipulis
1995 1791 2095 1838 sa-

224 1889 577 1974 pientiam,
626 1904 698 1958 ut
756 1891 959 1959 coecis
1022 1891 1281 1976 visum,
1342 1893 1712 1977 imponant:
1760 1909 1881 1957 nos
1921 1907 2090 1956 men·

225 2005 310 2074 tis
346 2006 705 2076 curabimus
741 2010 994 2076 oculum
1022 2057 1047 2090 ‚
1109 2024 1229 2091 ut,
1279 2009 1401 2077 hoc
1441 2007 2090 2098 purgatorestituto-

233 2141 401 2205 que,
442 2141 616 2192 mens
669 2126 991 2210 perillum
1044 2126 1364 2196 scientiam
1406 2141 1474 2196 et
1514 2128 1838 2195 veritatem
1905 2126 2089 2194 adse·

234 2255 496 2324 quatur:
581 2262 714 2325 quo
779 2245 1102 2312 doctrinae
1155 2245 1490 2313 valebunt‘
1539 2245 1805 2312 maxime
1829 2291 1856 2325 ‚
1937 2263 2106 2312 cum·

230 2357 383 2424 aliae
415 2404 443 2442 ,
484 2373 624 2425 tum
680 2359 1016 2441 geometria
1056 2375 1124 2425 et
1172 2360 1517 2425 dialectica.
1559 2397 1650 2412 --
1687 2358 1817 2424 Sed
1875 2358 1943 2422 in
1994 2357 2095 2423 iti·

232 2473 406 2542 neris
466 2472 750 2542 confecti
799 2473 1227 2546 recordatione
1277 2473 1710 2542 lubentissime
1761 2491 1913 2541 sane
1947 2490 2094 2541 cum

232 2593 513 2692 Platopis
570 2591 949 2660 attendimus
998 2592 1069 2657 in
1124 2587 1506 2674 exploranda
1546 2595 1770 2656 natur-u
1821 2589 2094 2657 hominis

234 2709 637 2794 sagacitatem
661 2752 687 2787 ‚
728 2722 864 2774 tum
922 2707 1291 2792 singularem
1368 2705 1654 2793 inprimis
1693 2704 1968 2772 Socratis
2006 2723 2102 2772 ra·

235 2825 502 2894 tionem.
595 2824 783 2892 Unus
834 2824 940 2893 ille
983 2825 1049 2891 in
1099 2840 1231 2893 tota
1298 2824 1785 2892 Atheniensium
1843 2822 2101 2892 civitate

227 2944 289 3013 ei
347 2961 422 3012 se
478 2942 824 3031 objiciebat
892 2943 1157 3025 studio,
1243 2962 1383 3028 quo,
1429 2960 1642 3012 omnes
1702 2941 2098 3012 ducebantur

230 3059 814 3130 vehementissime:
860 3073 996 3128 erat
1055 3061 1178 3128 hoc
1217 3074 1426 3129 autem
1468 3061 1743 3128 studium
1782 3063 2094 3146 eloquen-

230 3178 371 3249 tine.
462 3179 626 3249 Nam
664 3177 1053 3263 qukumque
1095 3180 1198 3245 vel
1232 3178 1430 3247 literis
1465 3178 1901 3263 doctrinisque
1936 3200 2094 3264 ope-

235 3317 360 3368 nm
406 3299 713 3366 navabant
735 3345 763 3379 ,
820 3298 928 3364 vel
987 3295 1056 3362 in
1103 3296 1423 3379 republica
1477 3296 1557 3361 ad
1619 3295 1896 3361 honores
1940 3309 2104 3358 con·

238 3412 575 3482 tmdebmt
594 3460 620 3495 ‚
652 3433 764 3497 per
811 3419 1007 3482 unam'
1041 3412 1306 3480 maxime
1345 3411 1769 3494 eloquentiam
1810 3408 1890 3475 ad
1929 3407 2107 3496 prin·

239 3527 519 3612 cipamm
584 3528 649 3598 in
707 3530 806 3596 his
866 3530 1199 3598 studebant
1260 3528 1619 3614 pervenire.
1726 3526 1878 3610 Ipse
1944 3523 2101 3592 adeo

234 3645 530 3735 populus
580 3665 722 3712 cum
774 3646 839 3712 in
877 3644 1021 3714 foro
1042 3692 1067 3726 ‚
1118 3662 1249 3712 tum
1317 3646 1381 3712 in
1423 3645 1646 3712 castris
1699 3641 1862 3710 nihil
1914 3642 2102 3713 habe-

234 3763 347 3831 bat
398 3762 658 3828 suavius
715 3760 1063 3846 potiusque
1083 3810 1108 3844 ‚
1154 3782 1342 3844 quam
1388 3776 1671 3829 oratores
1734 3761 1943 3830 audire
1988 3784 2103 3831 co-

234 3880 419 3967 piose
478 3893 823 3963 ornateque
874 3880 1176 3948 dicentes.
1265 3877 1420 3965 Quo
1483 3876 1666 3946 fiebat
1685 3926 1710 3961 ‚
1773 3893 1846 3947 ut
1908 3880 2118 3958 duce-,

235 4013 407 4070 tetur
441 4001 635 4086 plane
686 3997 767 4064 ab
808 3997 907 4064 his
928 4044 951 4080 ,
990 3997 1443 4084 aptissimeque
1486 3993 1554 4064 hi
1600 3998 1856 4080 nomine
1906 4001 2102 4079 δημα-

1977 4137 2108 4192 70·
