2792 5167
966 501 1308 568 ...ἶς-

208 668 465 756 cognati
545 685 803 746 ornnes,
874 666 1159 748 plerique
1216 662 1632 746 generabitiS,
1701 666 1810 746 qui
1885 665 2068 731 vobis

218 785 349 852 sint
377 784 653 865 similes;
697 781 943 850 eveniet
970 794 1170 848 autem
1211 782 1625 864 quandoque,
1673 797 1742 848 ut
1776 800 1854 848 ex
1885 801 2073 849 aureo

218 914 508 968 nascatur
547 901 879 984 argenteus
920 913 982 964 et
1020 917 1096 963 ex
1153 913 1446 979 argenteo
1488 899 1771 964 similiter
1809 919 2031 966 aureus
2056 950 2081 982 ,

219 1033 584 1100 caeteraque
642 1014 870 1100 pariter
931 1016 995 1080 in
1056 1016 1221 1080 hunc
1279 1015 1559 1081 modum.
1660 1015 2076 1100 Quamobrem
2155 1011 2162 1018 ’

227 1133 619 1221 principibus
682 1145 745 1198 et
808 1130 1073 1215 primum
1121 1143 1185 1195 et
1223 1130 1486 1195 maxime
1529 1131 1705 1198 Deus
1746 1132 2086 1216 praecipit,

235 1266 309 1317 ut
363 1249 596 1316 nullius
652 1247 741 1313 rei
781 1248 1072 1331 majorem
1125 1263 1334 1312 curam
1380 1246 1853 1331 custodiamque
1893 1250 2091 1314 susci-

235 1367 458 1452 piant,
530 1384 712 1448 quam
773 1376 1105 1443 natorum,
1180 1376 1255 1427 ut
1313 1363 1733 1446 dignoscant,
1801 1363 1954 1445 quid
2019 1383 2096 1431 ex

240 1497 515 1565 quatuor
570 1479 672 1546 bis
728 1479 978 1546 illorum
1037 1476 1254 1545 animis
1308 1476 1390 1544 sit
1455 1477 1844 1544 immixtum:
1919 1496 1981 1546 et
2040 1484 2098 1547 si

241 1598 387 1683 quis
446 1616 527 1663 ex
586 1596 747 1681 ipsis
803 1609 1092 1662 nascatur
1152 1596 1501 1682 ὑπόχαλκος
1556 1594 1659 1661 vel
1713 1599 2046 1682 ὑποσίδηρος
2075 1643 2101 1677 ,

242 1715 422 1782 nullo
464 1730 651 1799 pacto
690 1714 1141 1793 misereantur,
1185 1711 1296 1776 sed
1337 1730 1522 1779 suum
1563 1712 1792 1795 cuique
1828 1712 2105 1778 tribuen-

243 1848 340 1900 tes
364 1879 389 1916 ,
432 1833 509 1899 ad
551 1830 810 1915 opifices
846 1832 946 1896 vel
993 1828 1293 1913 agricolas
1330 1828 1677 1895 dimittant:
1724 1846 2104 1911 rursusque,

247 1949 306 2016 si
360 1968 441 2016 ex
493 1947 691 2014 hisce·
729 1963 1015 2013 nascatur
1052 1945 1280 2028 aliquis
1323 1947 1654 2032 ὑπόχρυσος
1697 1946 1796 2012 vel
1838 1949 2111 2031 fmfipyv.

252 2092 394 2152 ρος,
449 2065 749 2130 extollant
805 2081 945 2128 eum
1002 2062 1244 2127 honore
1265 2108 1290 2140 ,
1353 2062 1522 2127 hunc
1583 2063 1661 2127 ad
1709 2061 2109 2143 auxiliarios,

256 2182 436 2249 illum
496 2179 575 2244 ad
630 2177 923 2244 custodes
986 2194 1048 2243 et
1108 2175 1422 2260 principes
1483 2171 1816 2241 referentes
1835 2222 1861 2256 ,
1935 2178 2116 2259 quasi

258 2314 448 2366 vetus
503 2296 589 2362 sit
647 2297 961 2360 oraculum
981 2339 1006 2374 ‚
1077 2296 1217 2364 τότε
1286 2295 1395 2371 τὴν
1449 2293 1621 2362 πόλιν
1682 2294 2071 2377 διαφθαρῆναι
2091 2343 2113 2370 ,

260 2416 408 2489 ὅταν
446 2417 635 2494 αὐτὴν
674 2416 703 2482 ὃ
755 2415 977 2496 σίδηρος
1018 2414 1053 2492 ἥ
1096 2414 1125 2480 ὃ
1166 2413 1404 2494 χαλκὸς
1445 2411 1726 2492 Φυλαξῇ·
1783 2421 1917 2473 tum
1957 2427 2117 2472 rem·

253 2531 570 2624 publicam
603 2531 960 2618 pen‘euram
980 2571 1005 2608 ,
1045 2546 1183 2591 cum
1216 2529 1416 2611 ipsam
1452 2525 1555 2589 vel
1589 2541 1692 2589 aes
1732 2524 1834 2589 vel
1854 2523 2115 2609 ferrum

259 2647 719 2739 gubernabit?
764 2642 847 2711 (ι)

352 2766 607 2850 Eligere
662 2763 853 2848 igitur
894 2781 929 2827 e
969 2758 1337 2826 custodibus
1386 2775 1456 2822 ac
1500 2755 1758 2824 summis
1802 2774 2020 2822 ornare
2064 2758 2128 2821 in

275 2880 596 2967 republica
639 2878 991 2946 honoribus
1028 2877 1248 2958 decet,
1292 2875 1405 2958 qui
1443 2879 1660 2942 natura
1707 2875 1936 2941 habent
1969 2892 2135 2943 recte

276 3001 414 3086 ejus
453 2999 764 3083 regundae
804 2997 1195 3063 facultatem:
1258 2992 1324 3058 hi
1363 3009 1566 3059 autem
1627 3011 1757 3074 quo
1800 2992 1996 3076 magis
2043 2993 2139 3057 in·

281 3117 426 3185 dole
461 3114 838 3201 ingenioque
876 3125 1227 3196 praestant,
1273 3128 1350 3175 eo
1390 3109 1585 3193 magis
1638 3125 1702 3174 et
1751 3110 1987 3176 musica
2034 3129 2140 3174 ex-

286 3233 533 3301 colendi
592 3245 655 3298 et
716 3248 867 3296 vero
937 3226 1328 3311 gravioribus
1399 3225 1750 3309 disciplinis
1822 3225 2140 3291 erudiendi

291 3364 467 3417 sunt.
553 3348 713 3414 Nam
769 3342 1100 3412 mediocria
1156 3340 1399 3425 ingenia
1459 3359 1574 3408 nec
1618 3342 1854 3408 obsunt
1896 3359 2149 3424 magno-

296 3483 447 3550 pere
501 3481 615 3528 nec
674 3475 944 3548 prosunt
998 3459 1405 3526 civitatibus=
1483 3476 1697 3541 magna
1750 3458 1956 3523 solum
2025 3474 2148 3524 tam

297 3582 556 3669 perdere
596 3599 741 3660 eas,
784 3597 967 3662 quam
1028 3595 1274 3643 servare
1309 3590 1374 3641 et
1418 3574 1723 3641 illustrare
1760 3575 1992 3641 solent.
2078 3577 2150 3644 Id

297 3713 508 3767 autem
571 3696 904 3782 negligitur
963 3692 1099 3760 fere
1140 3694 1207 3759 in
1248 3693 1606 3761 civitatibus
1642 3692 1918 3774 nostris,
1985 3693 2158 3761 inde·

305 3835 434 3901 que
492 3814 855 3899 repetendae
903 3811 1299 3897 potissimum
1351 3825 1501 3877 sunt
1543 3809 1974 3897 gravissimae,
2019 3813 2160 3893 qui·

2036 3926 2158 3993 bus

385 4076 471 4150 (ι)
506 4080 652 4148 nep.
683 4075 797 4132 111.
830 4073 951 4131 425.
995 4076 1065 4129 a.
1100 4098 1159 4114 -
1196 4074 1263 4128 c.
