2792 5167
1417 446 1810 494 -120—

692 610 1077 683 stud-umus.
1193 608 1376 697 Quae
1447 610 1601 676 ratio
1663 609 1756 676 sic
1821 622 2084 675 naturae
2162 626 2552 678 consentanea

684 742 781 794 est
819 725 1053 811 ingenii
1094 724 1398 809 humani,
1466 741 1537 792 ut
1587 724 1821 810 linguis
1861 727 2016 791 adeo
2073 727 2358 795 omnium
2413 749 2550 813 gen«-

688 842 851 911 tium
916 843 1385 928 comprobetur.
1489 842 1656 910 Nam
1681 887 1708 925 ,
1784 843 1960 927 quod
2029 862 2067 910 a
2123 845 2554 929 compluribus

685 959 1190 1028 animadversum
1237 959 1636 1045 philosophis
1680 973 1780 1026 est
1795 1006 1822 1043 ,
1868 978 2273 1046 quaecunque
2327 962 2398 1028 in
2437 961 2559 1030 lin-

690 1078 836 1163 guis
897 1078 1201 1146 vocabula
1276 1078 1402 1163 res)
1455 1076 1733 1144 indicant
1788 1096 1824 1143 a
1873 1077 2171 1145 sensibus
2232 1090 2548 1162 remotas,

686 1197 794 1261 vel
845 1194 1031 1262 ducta
1082 1209 1233 1262 sunt
1263 1197 1365 1262 vel
1422 1196 1699 1261 colorem
1755 1208 1919 1261 certe
1958 1195 2193 1263 habent
2222 1216 2258 1261 a
2301 1195 2488 1263 rebus
2516 1243 2546 1280 ,

687 1330 849 1395 quae
926 1311 1257 1396 videntur,
1318 1312 1659 1381 audiuntur
1679 1359 1705 1395 ,
1787 1326 2120 1396 tangimtur
2143 1361 2169 1397 ,
2241 1311 2542 1379 sensibus

688 1427 949 1496 omnino
1009 1428 1469 1516 percipiuntur.
1555 1433 1645 1500 Et
1693 1448 1844 1498 vero
1868 1473 1897 1513 ,
1934 1430 2176 1515 nisi-ex
2221 1430 2398 1497 hisce
2427 1447 2550 1496 co·-

687 1544 947 1630 gitando
1022 1546 1319 1633 imagines
1377 1566 1695 1617 sumamus
1761 1548 1840 1615 ad
1890 1547 1996 1613 illa
2045 1545 2234 1613 nobis
2310 1566 2557 1632 reprae-

684 1663 983 1730 sentanda
1002 1709 1028 1742 ‚
1086 1684 1171 1730 ne
1211 1664 1489 1749 cogitare
1526 1666 1684 1732 adeo
1748 1664 1938 1740 nobis
1991 1665 2072 1731 de
2125 1663 2247 1732 inis
2303 1665 2549 1731 liceret.

680 1778 880 1864 Quod
908 1791 1163 1846 nostrae
1196 1780 1447 1862 linguae
1483 1780 1771 1862 Belgicae
1803 1782 2190 1850 vocabulum
2227 1777 2562 1849 defluxu

682 1908 746 1961 et
800 1894 1030 1980 probat
1088 1909 1154 1962 et
1208 1894 1436 1962 eximie
1479 1896 1775 1964 illustrat.

765 2011 958 2083 Haud
1014 2010 1240 2079 iccirco
1292 2013 1399 2101 yel
1467 2015 1758 2080 miremur
1809 2015 1914 2080 vel
1987 2032 2177 2100 aegre
2227 2012 2484 2082 feramus
2507 2060 2538 2095 ,

644 2128 801 2198 -ubi
859 2128 1119 2215 Hospes
1179 2131 1287 2197 ine
1324 2128 1514 2203 nobis
1555 2130 1813 2198 viliores
1875 2144 2039 2198 artes
2062 2177 2088 2213 ‚
2153 2146 2230 2198 ut
2279 2132 2551 2216 psscato·

682 2248 835 2314 riam
871 2261 938 2314 et
976 2245 1337 2327 textor-iam,
1364 2246 1696 2331 proponit.
1762 2246 2070 2333 Imagines
2108 2262 2290 2331 sunt,
2323 2266 2364 2314 e
2399 2245 2548 2329 qui-

678 2362 800 2427 bus
836 2361 914 2426 ad
960 2379 1059 2429 nes
1116 2362 1516 2445 gravissimas
1573 2364 1994 2449 inprimisque
2025 2366 2316 2431 sublimes
2366 2378 2547 2429 asse-

673 2477 955 2563 quendas
1016 2480 1440 2566 conjecturam
1501 2483 1828 2549 ducamus.
1912 2481 2189 2568 Negotia
2238 2493 2544 2547 memorat

677 2596 974 2681 deinceps
1036 2597 1099 2663 in
1140 2596 1434 2682 Sophdsea
1485 2600 1678 2683 longe
1725 2600 1909 2667 etiam
1974 2599 2218 2668 viliora.
2320 2596 2486 2664 Nam
2505 2642 2537 2678 ‚

675 2729 865 2801 capto
907 2713 1252 2800 sophista,
1324 2713 1418 2779 sic
1474 2733 1670 2798 porro
1737 2714 1997 2801 Hospes
2064 2717 2186 2783 illic
2240 2713 2535 2782 Eleatesa

676 2830 855 2897 vides
905 2830 1142 2915 igitur,
1228 2829 1474 2914 inquit,
1558 2850 1775 2900 verum
1830 2851 1974 2900 oese
2033 2822 2207 2917 quod
2260 2831 2538 2911 dicitur,

672 2949 937 3019 πίτυλον
996 2964 1140 3013 csse
1177 2948 1304 3013 hoc
1352 2946 1616 3027 animal,
1657 2961 1862 3027 utque
1900 2947 2238 3029 proverbio
2284 2946 2490 3012 fertur
2514 2993 2541 3029 ,

671 3080 805 3130 non
845 3064 1039 3130 altera
1074 3080 1262 3131 manu
1298 3061 1980 3147 comprehendendmm
2007 3093 2104 3115 --
2140 3060 2322 3143 Ergo
2361 3063 2544 3127 utra-

666 3195 798 3260 que
852 3194 1132 3265 oportet.
1177 3220 1266 3236 —
1305 3179 1580 3266 Oportet
1633 3194 1781 3246 sane
1837 3189 1902 3242 et
1943 3194 2064 3262 pro
2111 3174 2359 3242 viribus
2430 3175 2538 3246 sie

664 3316 921 3386 agamus
946 3347 972 3382 ‚
1054 3298 1423 3383 hujusmodi
1483 3299 1616 3383 ejus
1669 3293 2004 3381 vestigium
2042 3280 2546 3379 persequentes.=

668 3415 795 3492 Dic
845 3396 1000 3484 'mihi
1022 3463 1048 3498 ‚
1090 3414 1416 3483 servilium
1461 3410 1783 3481 nominum
1841 3429 2221 3510 usurpamus
2260 3413 2538 3478 nonnul·

667 3534 729 3609 la
745 3533 782 3602 ἱ
842 3570 936 3593 -
991 3533 1083 3605 Et
1126 3536 1321 3609 muita
1367 3532 1669 3615 quidem3
1733 3530 1847 3600 sed
1903 3531 2132 3599 horum
2187 3530 2532 3601 multorum

668 3668 972 3731 quaenam
1029 3652 1272 3737 quaeris
1290 3649 1326 3718 ⁸?
1367 3689 1457 3711 «-
1499 3649 1678 3727 Talia
1702 3697 1727 3730 ‚
1775 3648 1979 3732 qualia
2037 3662 2185 3741 sunt
2224 3667 2383 3737 quae
2433 3646 2534 3717 di·

662 3750 864 3831 cimus
906 3770 1235 3855 percolat-e
1253 3815 1279 3852 ‚
1333 3768 1703 3837 excribrare
1717 3810 1741 3845 ‚
1805 3786 2115 3833 vannare.
2179 3800 2290 3854 ιι--·ι
2331 3764 2540 3850 Quids

660 3878 775 3948 ni?
819 3915 909 3942 *-
950 3881 1333 3952 Cat-minare
1349 3899 1662 3968 praeterea
1675 3910 1712 3963 ·‚
1752 3880 2052 3951 deducere
2068 3930 2093 3965 ,
2132 3898 2375 3971 pectere
2393 3931 2417 3966 ,
2434 3883 2533 3949 in-

663 3997 837 4079 finita
880 3998 1024 4066 item
1081 3997 1197 4064 alia
1214 4045 1238 4083 ,
1284 4019 1448 4082 quae
1497 4002 1564 4077 in
1617 4000 1858 4068 artibus
1922 4002 2206 4085 usurpati
2259 3999 2526 4093 seimus·

2077 4107 2098 4121 “
2337 4115 2531 4187 Non-
