2792 5167
250 712 586 777 declarare
623 711 893 776 studuit.
982 710 1135 776 Non
1172 712 1610 777 abstinendum
1649 724 1908 796 prorsus
1940 733 1972 778 a
2008 732 2148 780 sen-

268 827 457 892 sibus
497 827 761 901 docuit,
818 828 927 891 sed
974 828 1363 910 philosopho
1415 829 1664 911 negavit
1709 830 2149 911 indulgendum

254 944 345 1008 iis
392 944 993 1024 gratiiicandumque
1037 945 1099 1007 in
1147 964 1288 1011 eum
1341 947 1592 1010 modum
1651 965 1823 1027 esse,
1894 962 1963 1012 ut
2004 966 2148 1014 cum

257 1060 333 1125 in
392 1063 689 1126 veritatis
744 1060 956 1124 studio
1002 1060 1524 1140 conturbaretur,
1567 1078 1702 1127 tum
1759 1030 2022 1129 servi‘ret
2073 1064 2152 1130 iis

186 1246 199 1251 ,
256 1197 335 1243 ac
383 1183 497 1243 sua
549 1178 994 1242 destitueretur
1034 1178 1370 1258 libertate,
1417 1195 1549 1244 tum
1607 1196 1759 1244 vero
1814 1180 1877 1244 in
1933 1199 2149 1247 omnes

254 1294 554 1361 libidines
614 1297 1100 1375 voluptatesque
1163 1313 1447 1376 pronus,
1539 1300 1780 1361 w'rtute
1819 1298 2150 1365 excideret.

254 1410 339 1476 Id
410 1429 561 1475 vero
619 1409 1047 1493 praecipiens,
1116 1430 1275 1493 quae
1333 1416 1602 1492 germani
1658 1429 1824 1478 esset
1873 1415 2155 1497 philoso-

262 1528 377 1613 phi
439 1529 613 1605 vita,
683 1544 972 1608 quaeque
1014 1525 1269 1610 integra.
1307 1545 1376 1591 ac
1439 1546 1592 1609 pura
1641 1529 1981 1607 sanctitas,
2049 1532 2155 1596 de-

268 1644 673 1712 monstravit.
766 1646 825 1709 A
875 1648 1165 1710 veritatis
1210 1662 1338 1707 eam
1399 1643 1614 1709 studio
1678 1646 2037 1728 repetebat,
2094 1658 2158 1708 et

261 1782 421 1829 vero
481 1762 572 1827 sic
622 1760 887 1835 statuit,
954 1762 1181 1826 nullam
1249 1779 1389 1825 esse
1450 1762 1583 1827 sive
1633 1762 1982 1828 libertatem
2041 1763 2159 1828 ho·

264 1880 460 1945 minis
524 1880 657 1943 sive
714 1882 1017 1945 virtutem
1083 1876 1216 1942 sive
1281 1882 1721 1958 sanctitatem,
1813 1879 1935 1943 nisi
1999 1898 2159 1960 quae

261 2016 415 2062 cum
459 2004 598 2062 vert
636 2014 848 2061 amore
910 2012 971 2059 et
1033 1993 1336 2076 sapientia
1392 1994 1736 2059 arctissime
1793 2009 1960 2060 esset
2000 2013 2156 2060 con·

254 2116 517 2199 juncta:
570 2115 744 2195 quod
784 2133 861 2177 ex
904 2113 979 2177 iis
1017 2127 1187 2194 patet
1224 2110 1528 2189 maxime,
1575 2128 1736 2192 quae
1770 2130 1959 2194 porro
1989 2110 2156 2193 apud

263 2252 412 2299 eum
469 2232 759 2297 Socrates
808 2233 883 2296 de
933 2232 1308 2314 purgatione
1351 2231 1555 2293 animi
1613 2226 1679 2292 in
1734 2229 1855 2293 hoc
1905 2227 2156 2312 dialogo

260 2347 693 2432 persequitur.
824 2351 1122 2431 Κάθαρσιν
1176 2360 1402 2421 vocat,
1471 2364 1654 2426 quam
1713 2344 1967 2427 saepius
2032 2363 2162 2410 me·

266 2465 577 2542 monuit,
645 2464 830 2528 animi
889 2482 924 2528 a
998 2434 1263 2545 corpore
1320 2462 1821 2544 separationem,
1889 2474 1958 2526 ut
2015 2460 2158 2545 ipse

266 2601 472 2665 perse
502 2581 675 2645 vivat
700 2595 1007 2663 agatque,
1054 2601 1087 2643 a
1141 2597 1452 2661 corpore,
1494 2594 1802 2659 tamquam
1844 2576 2158 2657 vinculis,

269 2700 575 2777 solutu5‚
624 2713 694 2761 ut
740 2697 803 2760 in
840 2716 1013 2761 suam
1056 2716 1124 2760 se
1167 2696 1466 2776 receperit
1508 2695 1877 2760 libertatem.
1962 2692 2158 2778 Quod

270 2831 347 2879 ut
397 2830 781 2878 consecutus
839 2812 1068 2887 fuerit,
1137 2826 1203 2876 ct
1258 2810 1575 2874 veritatem
1634 2809 2012 2891 adsequetur
2063 2807 2161 2874 fa-

271 2931 442 3012 cile,
487 2945 550 2994 et
594 2944 823 3011 sponte
859 2932 975 2994 sua
1015 2927 1357 2992 virtutibus
1407 2925 1712 3008 primariis
1738 2974 1762 3009 ‚
1805 2925 2152 3010 sapientia,

270 3047 701 3126 fortitudine,
746 3044 1196 3128 temperantia,
1235 3043 1486 3128 justitia
1531 3044 1819 3112 excellet.
1860 3041 1945 3110 (ι)

758 3278 930 3366 Qua
994 3281 1304 3345 homini
1360 3283 1692 3345 ratione

354 3399 470 3466 ad
524 3401 759 3467 vitae
829 3400 1372 3463 sanctitatem
1433 3394 2076 3484 perveniendum

1133 3514 1307 3578 est?

361 3746 687 3831 Quantum
739 3744 818 3810 ad
868 3741 1030 3808 vitae
1076 3742 1464 3809 sanctitatem
1506 3741 1640 3807 veri
1681 3740 1896 3808 studio
1943 3759 2018 3806 ac
2062 3760 2163 3807 sa-

271 3865 545 3951 pientiae
598 3860 889 3928 tribuerit
946 3860 1167 3941 Plat0,
1231 3878 1309 3926 ex
1355 3859 1526 3925 hisce
1579 3858 1858 3926 Socratis
1917 3857 1984 3923 in
2027 3875 2164 3922 car·

2055 3992 2164 4042 co-

350 4116 439 4189 (ι)
481 4113 782 4172 Phaedone
816 4114 881 4183 aq
899 4109 967 4165 t..
988 4134 1049 4155 -
1068 4113 1137 4170 aa
1159 4113 1229 4167 c.
