2792 5167
945 525 1036 543 ..-
1081 505 1329 574 906-

154 668 513 757 quando‚
573 689 702 753 quo
752 689 867 753 per
910 690 1125 739 omnes
1170 673 1275 739 has
1321 675 1396 741 de
1435 677 1706 761 pulcro,
1749 677 1829 745 de
1866 697 2067 761 vero,

152 788 427 870 deque
482 788 660 873 justo
716 786 1189 869 disquisitiones
1240 807 1599 861 constanter
1653 795 2067 878 tetendimus,

147 908 238 975 id
293 920 465 989 est,
504 907 581 973 ad
626 923 841 972 sanum
885 909 1189 989 quoddam
1245 909 1323 974 de
1377 908 1566 977 rebus
1619 913 1849 982 divinis
1901 914 2065 1001 judif

154 1024 404 1091 cium.
494 1023 661 1090 Hinc
705 1022 936 1091 Cicero
980 1040 1047 1091 ut
1085 1026 1435 1107 profecerat
1468 1049 1651 1113 quam
1690 1018 2067 1116 plurimum,

116 1139 267 1207 ‘ita
344 1139 629 1223 optimas
690 1160 975 1224 quasque
1033 1143 1212 1210 duxit
1284 1145 1363 1211 de
1436 1147 1692 1229 puriore
1766 1148 2067 1234 religione

160 1261 591 1338 sententias,
636 1259 805 1340 ‘quas
862 1258 926 1324 in
984 1258 1162 1326 libris
1222 1258 1303 1327 de
1360 1278 1605 1329 natura
1659 1264 1938 1335 Deorum
1993 1286 2065 1333 ac

161 1372 259 1443 de
320 1372 724 1442 divinatione
773 1375 1098 1460 prodidit,
1155 1395 1268 1458 ut,
1323 1379 1425 1447 his
1462 1382 1539 1448 ad
1581 1382 1760 1448 finem
1803 1385 2068 1466 perduc·

168 1491 271 1559 tis
295 1539 327 1575 ,
382 1490 482 1559 sic
521 1492 846 1559 scriberet.
948 1492 1354 1579 Explodatur
1411 1496 1566 1563 haee
1622 1519 1860 1584 quoque
1911 1517 2065 1581 som-

170 1612 461 1677 edorum
519 1606 825 1677 divinatio
874 1614 1131 1698 pariter
1188 1632 1327 1679 cum
1386 1617 1632 1686 ceteris.
1717 1613 1901 1681 Nam
1921 1660 1946 1697 ‚
1991 1630 2066 1682 ut

169 1746 345 1795 vere
387 1724 728 1813 loquamur
747 1770 775 1808 ,
814 1730 1169 1811 superstitio
1194 1728 1357 1812 fusa
1388 1746 1510 1816 per
1536 1746 1750 1816 gentes
1767 1778 1793 1811 ‚
1824 1748 2067 1820 oppres-

172 1845 277 1909 sit
320 1845 606 1909 omnium
638 1843 791 1927 fere
824 1846 1098 1944 animos,
1158 1860 1348 1930 atque
1393 1847 1705 1912 hominum
1748 1847 2066 1914 imbecilli-

187 1973 413 2026 tatem
475 1963 839 2048 occupavit.-
899 1959 1066 2046 quod
1097 1976 1159 2028 et
1204 1964 1276 2026 in
1322 1964 1404 2028 iis
1437 1960 1616 2029 libris
1653 1959 1887 2030 dietum
1923 1978 2017 2031 est
2033 2010 2065 2047 ‚

164 2080 311 2166 ‚qui
356 2090 522 2144 sunt
558 2075 635 2142 de
687 2091 929 2143 natura
977 2075 1259 2144 Deorum
1279 2123 1306 2159 ‚
1364 2093 1427 2144 et
1481 2080 1600 2144 hae
1647 2075 2065 2164 disputatione

174 2193 261 2261 td
298 2194 591 2262 maxime
626 2197 884 2281 egimus.
968 2192 1253 2260 Multum
1292 2197 1453 2260 enim
1496 2210 1557 2261 et
1593 2195 1880 2261 nobismet
1916 2198 2065 2284 ipsis

172 2328 243 2380 et
302 2313 554 2379 nostris
608 2311 942 2400 profuturi
997 2310 1365 2378 videbamur
1380 2357 1406 2392 ‚
1467 2313 1523 2376 si
1579 2331 1716 2377 eam
1770 2309 2064 2386 funditus

182 2430 683 2498 sustulissemus.
719 2427 801 2497 (ἱ)
866 2427 1062 2493 Addit
1091 2427 1191 2495 his
1224 2441 1425 2493 autem
1448 2473 1473 2507 ‚
1499 2428 1674 2509 quod
1714 2426 2063 2493 Socraticae

185 2547 385 2630 plane
452 2559 519 2611 et
581 2544 932 2612 Platonicae
990 2542 1430 2627 philosophiae
1489 2545 1807 2610 convenit.
1894 2544 1979 2611 N
1984 2565 2063 2610 ee

186 2683 231 2731 ν
244 2683 284 2727 e
297 2683 394 2729 ro
436 2657 555 2750 (id
590 2665 750 2730 eninr
789 2661 1125 2749 diligenter
1160 2660 1433 2747 intelligi
1472 2662 1640 2747 volo)
1685 2684 1711 2727 s
1726 2685 1767 2726 u
1773 2678 1992 2748 perst
2005 2664 2064 2728 ἰ-

190 2783 417 2847 tione
456 2777 819 2847 tollenda
856 2780 1138 2866 religio
1175 2780 1526 2846 tollitur.
1606 2779 1786 2846 Nam
1829 2795 1890 2846 et
1928 2801 2064 2845 ma-

172 2897 406 2981 jorum
441 2897 741 2964 instituta
780 2899 951 2964 tueri
999 2900 1195 2963 saeris
1238 2898 1749 2982 caerimoniisque
1789 2899 2064 2963 retinen-

197 3009 337 3096 dis,
369 3015 676 3102 saplentis
710 3028 837 3094 est,
870 3026 932 3078 et
950 3033 1083 3089 ,esse
1096 3025 1526 3100 praestantem
1553 3014 1833 3100 aliquam
1858 3030 2063 3080 aeter·

102 3176 111 3185 -
197 3148 481 3216 namque
541 3144 884 3211 naturam,
937 3146 1001 3193 et
1041 3148 1179 3195 eam
1230 3130 1674 3218 suspiciendam
1735 3129 2062 3197 admiran-

198 3246 482 3337 damque
521 3244 833 3313 hominum
860 3248 1118 3332 generi,
1152 3244 1512 3331 pulcritudo
1551 3246 1769 3312 mundi
1798 3248 2065 3336 ordoque

200 3385 425 3433 rerum
470 3364 813 3433 coelestium
857 3370 1019 3449 cogit
1068 3360 1372 3445 confiteri.
1481 3361 1883 3447 Quamobrem
1905 3412 1928 3445 ‚
1990 3380 2064 3432 ut

204 3483 434 3570 religIo
468 3478 882 3571 propaganda
922 3484 1113 3545 etiam
1156 3480 1290 3558 ω’,
1334 3497 1497 3567 quae
1536 3495 1624 3544 est
1644 3480 1879 3559 juncta
1919 3501 2059 3543 cum

204 3603 553 3686 cognitione
601 3617 876 3666 naturae
892 3643 918 3679 ,
980 3600 1069 3663 sie:
1111 3598 1561 3683 superstitionis
1604 3597 1823 3680 stirpes
1864 3614 2062 3661 omnes

210 3716 574 3795 ejiciendae.
613 3712 699 3783 (¹)
782 3715 926 3780 Nos
975 3727 1225 3794 autem,
1280 3728 1349 3778 ut
1401 3712 1462 3775 in
1514 3712 1874 3792 exponenda
1918 3712 2063 3794 phi·

210 3830 509 3913 losophia
544 3829 779 3912 sancti,
815 3829 999 3895 sicuti
1037 3828 1350 3913 proditum
1392 3828 1456 3892 in
1504 3828 1774 3895 Platonis
1812 3831 2062 3913 scriptis

211 3962 305 4009 est
320 3991 345 4025 ,
375 3947 594 4012 ordine
616 3946 1113 4031 progrediamur,
1136 3946 1213 4011 ab
1233 3946 1370 4030 ejus
1393 3934 1703 4029 prin‘cipio
1722 3947 2056 4013 ordiamur.

280 4144 363 4211 (ι)
402 4145 519 4198 cic.
556 4144 677 4197 eod.
712 4145 752 4199 ι.
952 4145 1035 4216 (α)
1072 4144 1191 4200 cie.
1226 4141 1347 4197 ma.
1386 4145 1424 4198 ι.
1962 4062 2062 4128 D⁶
