2792 5167
1486 435 1829 514 *98*-

800 610 1052 681 Scilicet
1101 629 1228 677 non
1295 613 1444 677 baec
1496 611 1619 677 fuit
1660 610 1941 678 Platonis
1979 609 2151 693 vita,
2193 607 2277 677 'ut
2336 604 2409 676 ab
2470 606 2570 674 in·

711 746 900 796 eunte
958 744 1152 795 aetate
1224 728 1289 794 in
1349 729 1586 795 scholis
1657 730 2043 796 delitesceret
2111 727 2567 811 metaphysico-

709 867 852 915 rum
876 893 898 928 ‚
947 847 1262 928 rebusque
1298 845 1585 912 obscuris
1634 861 1697 910 et
1738 845 2041 911 intricatis
2083 843 2434 910 definiendo
2477 861 2570 908 ar-

716 966 1264 1047 gumentandoque
1327 963 1667 1030 enodandis
1724 965 2024 1031 studeret.
2135 964 2296 1030 Puer
2350 959 2574 1045 poesin

713 1085 1043 1165 tractavit,
1108 1095 1417 1165 tantoque
1475 1084 1703 1149 ductus
1776 1096 1871 1146 est
1944 1081 2351 1164 pulcer-rimae
2427 1077 2579 1143 artis

714 1218 969 1281 amore,
1014 1214 1086 1266 ut
1140 1198 1413 1265 carmina
1459 1214 1688 1283 sponte
1720 1194 2009 1265 funderet
2057 1212 2117 1262 et
2159 1195 2370 1263 Musis
2406 1194 2582 1261 vide-

718 1332 890 1382 retur
933 1337 1046 1400 per
1099 1331 1295 1382 totam
1355 1316 1548 1383 vitam
1594 1329 1986 1400 operaturus.
2071 1311 2362 1378 Accessit
2405 1311 2586 1377 dein-

717 1435 799 1499 de
860 1434 940 1500 ad
1005 1431 1522 1517 philosophiam:
1612 1450 1745 1514 quo
1817 1449 1956 1499 eum
2019 1429 2305 1497 Socrates
2389 1425 2588 1493 addu-

719 1553 905 1620 cebat
952 1568 1014 1618 et
1078 1555 1282 1619 multo
1338 1552 1521 1617 etiam
1590 1550 1784 1635 magis
1849 1551 2049 1634 ipsius
2125 1565 2380 1616 natura:
2444 1565 2586 1612 nam

727 1671 924 1736 inerat
985 1671 1120 1754 ejus
1188 1670 1382 1735 menti
1442 1668 1845 1753 philosophia
1895 1668 2221 1749 quaedam.
2326 1666 2447 1731 Sed
2502 1665 2588 1730 ita

712 1785 784 1849 .ei
844 1785 1134 1865 studuit,
1178 1799 1249 1848 ut
1304 1782 1535 1864 legeret
1581 1782 1769 1847 simul
1809 1797 2027 1864 poetas
2062 1780 2267 1845 omnis
2298 1781 2434 1846 aevi
2487 1798 2590 1845 ce-

715 1899 1090 1967 leberrimos
1116 1945 1140 1980 ‚
1202 1898 1545 1964 Homerum
1569 1945 1592 1980 ‚
1638 1896 1986 1963 Hesiodum
2011 1944 2035 1979 ,
2079 1897 2451 1979 Pindarum,
2518 1897 2599 1963 il·
2704 1926 2709 1930 ·

712 2019 826 2083 ·los
881 2014 1242 2101 praesertim
1266 2062 1290 2097 ,
1351 2033 1621 2098 quorum
1677 2015 1947 2083 carmina
2006 2015 2443 2099 philosophiae
2495 2035 2600 2082 es·

725 2147 868 2200 sent
921 2135 1141 2218 plens,
1184 2132 1607 2199 Parmenidem
1633 2180 1656 2213 .,
1702 2134 2128 2215 Pythagoreos
2155 2181 2177 2215 ,
2243 2149 2373 2199 tum
2430 2133 2593 2221 Tra-

728 2250 949 2332 gicos,
1015 2249 1361 2329 Comicos‚
1428 2263 1557 2313 tum
1630 2247 1773 2311 item
1834 2250 2170 2330 Eroticos‚
2236 2251 2601 2325 Anacreon?

726 2380 899 2448 tem,
943 2364 1384 2448 Sapphonem:
1426 2383 1696 2445 quorum
1739 2365 2006 2431 lectione
2054 2365 2338 2432 imbutus
2398 2388 2599 2450 quum

723 2486 806 2549 ad
861 2482 1257 2548 scribendum
1314 2500 1383 2546 se
1437 2483 1652 2564 daret,
1697 2498 1925 2564 sponte
1972 2484 2349 2550 exhilarabat
2399 2485 2604 2569 scrip·

727 2613 791 2664 ta
834 2616 950 2663 sua
1002 2596 1349 2667 venustatis
1399 2598 1670 2678 quodam
1731 2614 1793 2663 et
1852 2619 2122 2683 poeseos
2163 2603 2401 2668 colore.
2467 2604 2604 2670 Sed

733 2714 1012 2782 studium
1049 2715 1174 2779 hoc
1229 2729 1290 2779 et
1329 2733 1596 2796 poeseos
1652 2731 1714 2781 et
1757 2730 2095 2798 poetarum·
2133 2736 2261 2785 eam
2302 2718 2432 2783 vim
2485 2721 2607 2786 ha-

735 2829 877 2896 buit
938 2830 1004 2895 in
1059 2828 1181 2896 viri
1240 2830 1707 2916 philosophiam
1728 2881 1752 2916 ,
1819 2844 1890 2898 ut
1953 2836 2102 2901 haec
2153 2835 2471 2902 videretur
2518 2838 2600 2903 ab

2502 2953 2605 3037 ip-

743 3073 823 3123 11.
850 3072 988 3123 vll.
1014 3073 1084 3123 V.
1109 3074 1233 3124 Den
1247 3074 1362 3125 Tex
1397 3076 1539 3141 disp.
1578 3076 1646 3126 de
1684 3077 1737 3128 vi
1770 3079 1999 3129 musices
2030 3078 2094 3127 ad
2130 3080 2302 3130 excol.
2329 3078 2604 3131 hominem

736 3178 766 3211 e
809 3168 943 3211 sent.
1002 3160 1138 3211 Pht.
1198 3161 1349 3231 Traj.
1398 3162 1465 3212 ad
1500 3162 1605 3214 nh.
1657 3165 1809 3215 1816.
1869 3164 1956 3215 De
1997 3166 2175 3218 choris
2220 3185 2286 3216 ex
2337 3171 2607 3221 sententia

727 3244 979 3297 'Platonis
1015 3250 1125 3316 egit
1163 3249 1291 3300 Bax.
1345 3249 1485 3315 disp.
1542 3250 1609 3300 de
1657 3259 1882 3303 naturae
1917 3252 2262 3319 simplicitate
2305 3256 2362 3306 in
2405 3256 2605 3326 Eut-ip.

736 3336 935 3387 Oreste
981 3335 1133 3405 Traj.
1159 3337 1225 3387 ad
1261 3337 1364 3389 Rh.
1407 3339 1559 3390 1816.
1585 3339 1674 3394 Cf.
1712 3339 1780 3390 L.
1806 3340 1879 3391 G.
1906 3340 2140 3400 Parem,
2189 3341 2393 3393 Lucius
2417 3359 2460 3394 s.
2495 3362 2610 3396 n·-

733 3422 975 3495 ‘vigantes
1007 3426 1061 3476 in
1099 3427 1294 3478 Annal.
1339 3427 1509 3479 Acad.
1552 3426 1812 3480 Rhenotr.
1839 3430 1971 3497 1819
1993 3458 2025 3468 -
2049 3430 2195 3481 1820.
2234 3429 2321 3481 De
2345 3433 2605 3505 discipli..

727 3504 811 3568 ‘na
852 3516 1057 3566 amoris
1091 3506 1250 3585 (περὶ
1275 3515 1378 3581 ’τῆς
1404 3508 1705 3586 ἐρωτικῆς)
1728 3515 2057 3583 scripserunt
2074 3516 2319 3571 plotinus
2336 3556 2352 3581 ,
2370 3518 2600 3590 Olymp.

739 3603 984 3656 Procius.
1025 3601 1065 3654 l.
1100 3601 1175 3667 l.,
1236 3610 1351 3655 tum
1410 3603 1633 3656 Maxim.
1691 3605 1823 3673 Tyr.
1879 3605 2007 3657 diss.
2058 3603 2598 3663 xxlv-Xxvll.

734 3692 841 3746 Ed.
877 3689 1062 3746 Raisk.
1096 3699 1152 3744 et
1187 3672 1461 3751 Plutarch.
1491 3694 1548 3744 in
1594 3695 1878 3747 Am'atorio
1906 3734 1920 3759 ,
1961 3696 2056 3764 qui
2099 3697 2339 3750 omnium
2369 3700 2601 3752 maxime

733 3782 955 3835 videtur
1009 3784 1328 3835 sententiam
1379 3781 1621 3836 Platonis
1685 3792 1740 3836 et
1792 3786 1995 3855 cepisse
2049 3794 2107 3838 et
2159 3788 2470 3855 expresisse.
2520 3787 2595 3841 V.

735 3870 921 3936 Intpp.
960 3873 1026 3923 ad
1064 3871 1290 3924 Phaedr.
1331 3880 1384 3924 et
1422 3871 1610 3942 Symp.
1649 3882 1704 3926 et
1748 3874 2025 3944 Reynders
2072 3875 2252 3927 Diatr.
2297 3876 2354 3927 in
2407 3874 2599 3945 Symp.

737 3959 826 4009 Ad
851 3959 1099 4011 hodierni
1121 3962 1465 4029 aevicaptum
1491 3971 1978 4029 exposuerunteam
2007 3981 2129 4016 cum
2152 3963 2268 4027 alii,
2291 3972 2397 4017 tum
2420 3967 2598 4015 maxi-

732 4063 820 4101 me
874 4047 967 4098 Fr.
1017 4048 1118 4102 W.
1168 4049 1230 4103 B.
1280 4049 1409 4105 Von
1459 4052 1734 4107 andohr
1766 4051 1953 4109 Venus
1991 4052 2213 4111 Urania.
2250 4053 2402 4123 Lips.
2442 4056 2597 4125 1798.
