2792 5167
1470 424 1863 490 ann-1923

718 595 801 670 go
840 575 1224 671 appellatur}
1287 593 1481 653 aitte·
1491 590 1706 672 juncta
1759 599 1857 652 est
1896 604 2039 652 cum
2082 584 2307 652 studiis
2346 563 2589 651 docui-¹

713 719 928 768 narum
985 702 1529 786 gravissimarum,
1591 721 1736 769 cum
1799 702 2026 769 studiis
2084 703 2151 768 in
2196 701 2416 787 primis
2463 703 2590 766 vit-⁴

714 819 868 884 tutis
928 834 991 884 et
1043 821 1371 905 justitiae,
1436 819 1695 885 omnino
1757 837 1899 886 cum
1942 819 2349 902 philosophia
2397 793 2588 901 justi-⁶

710 935 876 1002 Nam
940 954 1063 1002 una
1119 952 1217 1002 est
1265 936 1713 1019 philosophia,
1775 935 2133 1018 singulatim
2183 936 2437 1017 quidem
2480 953 2593 1000 ‹tx-³

671 1051 990 1133 -quirens'
1039 1054 1367 1135 pulcrum,
1450 1071 1665 1119 verum
1687 1099 1713 1133 ‚
1768 1054 2011 1136 J’ustum
2036 1098 2062 1132 ‚
2124 1051 2594 1134 diligenterque

709 1171 858 1236 haec
893 1168 1289 1250 distinguens
1313 1216 1337 1250 ‚
1376 1187 1492 1234 nec
1535 1185 1741 1234 tamen
1795 1149 2099 1251 separans‘
2134 1188 2205 1234 ea
2243 1187 2279 1233 a
2310 1187 2385 1233 se
2422 1167 2593 1232 invi-

703 1305 838 1352 cem
885 1298 949 1350 et
988 1283 1398 1366 dissocians3‘
1439 1282 1709 1351 diffusus
1755 1297 1855 1350 est
1894 1298 2097 1352 autem
2146 1303 2260 1366 per
2301 1304 2438 1351 eam
2486 1297 2592 1351 to⁴
2642 1309 2663 1317 ·

708 1417 834 1472 tam
887 1417 951 1467 et
985 1402 1346 1493 dominatur
1383 1421 1585 1470 amor.
1653 1402 1816 1468 Nam
1861 1399 1994 1466 sive
2025 1401 2105 1467 de
2137 1403 2355 1482 pulcro
2388 1412 2592 1482 quae-

710 1520 912 1603 ritur,
939 1536 1132 1592 ,amor
1184 1519 1262 1585 ad
1320 1519 1524 1604 pulcri
1577 1519 1939 1603 adspectum
1977 1516 2371 1598 incenditur,
2418 1518 2593 1602 ejus-

709 1653 836 1722 que
883 1637 950 1703 in
1005 1636 1211 1702 animo
1272 1638 1607 1701 vehemens
1674 1636 1985 1716 quoddam
2055 1634 2279 1724 qxcitat
2342 1632 2591 1714 alitque·

703 1753 1102 1820 desiderium.
1171 1751 1316 1817 Sive
1360 1750 1639 1816 veritatis
1680 1732 2053 1833 respicim'us
2087 1751 2592 1830 studium‚doe-

703 1869 897 1938 trinas
937 1882 1098 1934 amat
1136 1868 1561 1952 philosophus
1609 1881 1680 1933 ut
1716 1865 1965 1932 delicias
2004 1884 2151 1932 suas
2190 1880 2266 1930 et·
2284 1883 2536 1931 amores
2559 1896 2587 1945 ‚-

701 1986 832 2052 imo
859 2003 868 2008 ·
895 2006 1043 2053 vero
1111 1986 1204 2053 sic
1242 2000 1405 2053 amat
1444 1985 1741 2053 amasium
1794 2003 2026 2063 suum,
2085 1998 2161 2049 ut
2225 1985 2361 2071 ejus
2407 2000 2590 2047 amo·

695 2123 771 2170 re
815 2104 920 2171 ad·
949 2105 1227 2171 veritatis
1274 2105 1593 2188 perveniat
1631 2105 2079 2187 spectaculum.
2185 2101 2323 2167 Nee
2368 2099 2599 2175 minus,

687 2223 917 2289 ·efficax
980 2238 1076 2289 est
1117 2241 1290 2288 amor
1345 2224 1422 2288 ad
1482 2221 1636 2287 boni
1681 2220 1966 2307 justique
2014 2218 2319 2287 studium.
2408 2217 2584 2285 Nam

700 2353 816 2422 per
873 2337 1078 2421 pulcri
1149 2337 1495 2421 appetitum
1570 2336 1649 2401 ad
1726 2333 2017 2401 virtutem
2090 2332 2306 2415 ducit,
2402 2328 2589 2414 quod

687 2456 964 2524 -Phaodri
1015 2455 1137 2520 fuit
1215 2453 1488 2519 sublime
1532 2450 1785 2518 effatum
1813 2499 1836 2533 ‚
1895 2452 1976 2517 ad
2027 2451 2320 2518 virtutem
2366 2450 2527 2515 adeo
2554 2485 2581 2528 ‚

710 2587 784 2640 nt
831 2573 991 2637 idem
1065 2572 1270 2650 dixit,
1339 2574 1556 2646 ἔνθεους
1632 2553 1846 2636 efficit'
1900 2567 2226 2648 homines,
2286 2579 2357 2640 ut
2414 2562 2584 2628 mori

703 2709 821 2774 pro
865 2708 933 2755 se
975 2687 1239 2753 invicem
1284 2685 1656 2752 sustineant.
1742 2683 1968 2768 Quid?
2018 2683 2194 2764 quod
2231 2682 2392 2748 hanc
2447 2679 2582 2747 vim

701 2807 898 2874 amori
950 2804 1169 2872 nribuit
1225 2805 1403 2872 Plato
1430 2850 1454 2884 ,
1499 2815 1573 2866 ut
1623 2800 1899 2885 optimos
1956 2819 2253 2882 quosque
2304 2816 2578 2878 sensus,

704 2924 942 3008 optima
985 2922 1230 3002 studia,
1274 2907 1515 2988 divinas
1565 2938 1781 2985 omnes
1829 2918 1894 2983 in
1951 2919 2205 2983 homine
2245 2914 2575 2983 facultates

681 3041 968 3108 -suscitet
1020 3054 1082 3105 et
1139 3039 1364 3104 firmet.
1456 3037 1559 3102 Sic
1612 3036 1784 3119 viget
1837 3054 2012 3101 amor
2065 3034 2129 3100 in
2181 3047 2313 3101 tota
2367 3036 2579 3101 Plato·

695 3156 800 3224 nis
845 3154 1288 3239 philosophia,
1334 3169 1396 3220 et
1457 3153 1755 3222 exhilarat
1786 3153 1852 3220 in
1885 3173 1956 3220 ea
2005 3167 2068 3218 et
2124 3152 2303 3234 quasi
2349 3151 2581 3238 laetili·²
2634 3180 2647 3186 -

699 3285 798 3337 cat
871 3270 1125 3350 omnia,
1190 3271 1316 3337 imo
1387 3291 1538 3337 vero
1614 3285 1677 3336 et
1750 3268 2091 3336 universam
2163 3284 2225 3334 et
2289 3270 2580 3354 singulas

689 3389 840 3473 ‚ojus
891 3402 1098 3473 partes
1124 3434 1148 3470 ,
1193 3402 1264 3455 ut
1328 3392 1591 3476 spiritus
1638 3386 1865 3468 aliquis
1887 3432 1911 3465 ‚
1953 3390 2125 3451 intus
2166 3385 2313 3451 alit.

1455 3625 1810 3672 “ft-

783 3856 891 3929 Ad
947 3863 1130 3928 finem
1195 3863 1596 3947 perduximus
1624 3909 1647 3943 ‚
1711 3865 1883 3947 quod
1926 3863 2003 3931 ab
2065 3855 2247 3932 initio
2294 3849 2568 3933 institui}

701 3991 887 4063 mus,
929 3995 1001 4047 ut
1033 3982 1307 4049 Platonis
1353 3983 1430 4048 de
1490 3984 1710 4066 pulcro
1756 3998 1819 4048 et
1875 3993 2082 4050 amore
2153 3984 2560 4057 sententiam,

2471 4097 2569 4160 10.,
