2792 5167
1485 519 1870 582 -166—

762 695 1023 761 bidinem
1086 694 1181 761 im
1236 695 1848 763 subministrantium,
1897 696 2387 764 desideriorum.
2497 692 2624 766 Ubi

757 832 903 879 vero
950 827 1348 880 susurrantes
1388 813 1552 879 circa
1597 813 1802 898 ipsum
1854 810 2244 899 cupiditates
2307 830 2624 899 caeterae,

756 934 1015 996 refertae
1066 929 1287 996 nidore
1310 978 1333 1011 ,
1399 932 1730 1014 unguentis
1754 978 1778 1011 ‚
1818 931 2081 998 coronis
2123 950 2202 997 nc
2245 952 2436 999 mero
2461 978 2492 1013 ‚
2523 952 2624 999 eo-

756 1065 982 1133 nugent
1026 1050 1325 1131 aiuntque
1360 1048 1724 1113 desiderium
1766 1048 1920 1112 illud
1947 1095 1971 1127 ,
2017 1064 2151 1112 tum
2184 1050 2321 1133 jam
2361 1049 2476 1115 hie
2506 1052 2622 1115 mi·

762 1167 845 1230 tni
902 1182 1151 1249 praeses
1221 1163 1373 1229 furit
1437 1166 1688 1231 omnino
1745 1166 2184 1246 dementiaque
2247 1163 2509 1245 fervet,
2557 1182 2618 1230 κ

762 1284 1027 1366 stipatus
1088 1282 1229 1348 inde
1292 1281 1663 1347 satellitibus
1723 1280 2112 1361 stimuloque
2168 1282 2512 1364 percitus,
2569 1284 2620 1349 si

762 1418 917 1483 quas
957 1402 1116 1465 intra
1152 1416 1223 1465 se
1255 1396 1527 1483 frugales
1571 1412 1633 1464 et
1681 1398 2054 1463 verecundas
2108 1398 2466 1481 opiniones
2517 1420 2618 1464 cu-

755 1520 1171 1602 piditatesque
1222 1514 1594 1598 offenderit,
1642 1518 1932 1600 protinus
1972 1514 2284 1598 exstirpat
2313 1517 2616 1600 expellit·

754 1653 919 1715 que,
955 1634 1155 1697 donec
1194 1629 1653 1713 temperantiam
1703 1644 1947 1696 omnem
1986 1628 2198 1695 animo
2230 1631 2492 1714 ejecerit
2523 1649 2612 1695 se-

750 1769 873 1832 que
894 1766 1057 1815 nova
1090 1746 1325 1813 insanin
1359 1748 1714 1832 repleverit.
1781 1747 1956 1814 Hane
1987 1749 2070 1813 ob
2097 1766 2406 1815 caussam
2443 1768 2606 1814 amor

750 1882 1055 1949 tyrannus
1096 1866 1300 1929 dictus
1350 1862 1500 1929 olim
1543 1878 1662 1933 est.
1704 1862 1786 1931 (¹)

838 1983 909 2048 In
948 1982 1050 2048 his
1090 1983 1302 2059 Plato,
1346 1980 1437 2047 uti
1478 1979 1783 2045 cernimus
1811 2025 1834 2058 ,
1870 1978 1988 2045 iter
2026 1978 2304 2044 hominis
2347 1981 2436 2045 ad
2472 1979 2610 2045 vitis

756 2114 1128 2180 omnemque
1154 2097 1515 2181 pravitatem
1556 2093 1834 2160 absolvit
1864 2094 2132 2161 tandem.
2221 2096 2384 2178 Quo
2415 2098 2482 2160 in
2512 2113 2609 2160 ne-

753 2215 929 2297 gotio
985 2213 1137 2296 quid
1199 2211 1426 2278 amoris
1495 2212 1602 2276 illo
1628 2258 1656 2293 ,
1731 2230 1913 2292 quem
1989 2211 2339 2291 describit,
2409 2213 2610 2277 furore

754 2326 1172 2411 spectaverit,
1242 2345 1280 2392 e
1345 2325 1632 2414 Phaedro
1713 2343 1778 2391 et
1843 2326 2148 2413 Symposio
2213 2327 2606 2411 inteiligitur.

750 2446 1065 2527 Πάνδημος
1108 2458 1202 2507 est
1240 2445 1359 2507 iste
1399 2444 1680 2521 seilicet,
1724 2442 1833 2522 qui
1876 2443 2186 2507 hominem
2227 2445 2322 2508 sic
2363 2448 2445 2509 ad
2484 2461 2606 2510 tur-

750 2558 1050 2641 pissima,
1097 2574 1168 2623 ut
1209 2559 1460 2644 οὐράνιος
1503 2561 1578 2625 ad
1621 2559 1980 2642 pulcerrima
2035 2578 2328 2641 quaeque
2386 2578 2453 2625 et
2494 2562 2601 2625 ho-

752 2674 1107 2741 nestissima
1131 2720 1154 2754 ,
1200 2675 1474 2741 adducit.
1531 2673 1694 2741 Idem
1734 2690 1934 2740 autem
1975 2676 2081 2740 ille
2121 2677 2266 2741 vilis
2299 2676 2600 2761 abjectus·

752 2808 877 2870 que
899 2808 1109 2870 amor,
1150 2806 1218 2855 ut
1249 2793 1312 2854 in
1357 2790 1641 2856 Phaedro
1678 2792 1920 2874 poetica
1958 2808 2057 2857 est
2095 2792 2341 2859 ratione
2377 2794 2600 2860 doecri·

749 2920 945 2988 ptus,
1008 2907 1093 2972 ita
1150 2910 1248 2974 hic
1307 2908 1686 2992 philosopha
1731 2910 1913 2975 hacce
1960 2911 2038 2991 de
2074 2916 2294 2977 natura
2331 2913 2590 2979 humma

748 3021 1238 3105 disquisitione,
1286 3022 1547 3088 efficitur
1578 3071 1602 3105 ,
1644 3025 1844 3107 qualis
1895 3027 1980 3090 sit
2029 3029 2330 3110 proprie,
2389 3049 2596 3110 quam-

753 3156 877 3220 que
919 3137 1044 3201 vim
1086 3139 1161 3202 ad
1205 3154 1474 3209 caeteras
1518 3139 1885 3222 cupiditates
1935 3161 2148 3207 omnes
2191 3144 2590 3210 incendendas

752 3271 1079 3336 totumque
1140 3254 1452 3320 hominem
1503 3273 1565 3320 et
1619 3258 1944 3339 regendum
1999 3258 2245 3339 tyranni
2293 3260 2489 3326 instar
2535 3278 2590 3325 et

750 3372 1003 3456 penitus
1036 3374 1556 3455 corrumpendum
1581 3418 1604 3451 ‚
1643 3372 1878 3437 habeat.
1940 3373 2089 3457 Quo
2128 3373 2322 3456 magis
2360 3377 2588 3441 ethicae

754 3493 962 3554 iocum
1004 3489 1464 3571 philosophus,
1515 3487 1625 3570 qui
1667 3506 1765 3552 est
1810 3490 1888 3552 de
1933 3487 2273 3553 virtutibus
2309 3508 2382 3554 ac
2422 3491 2582 3556 vitiis

754 3604 1139 3686 maximeque
1179 3604 1254 3668 de
1301 3602 1485 3667 animi
1539 3602 2019 3683 depravatione,
2080 3606 2259 3685 plene
2301 3622 2587 3673 tractasse

676 3688 693 3705 ο
752 3721 1020 3784 videtur.
1126 3720 1249 3786 Sed
1283 3722 1343 3784 in
1391 3719 1514 3785 vita
1558 3701 1948 3801 potissimum
1988 3721 2290 3804 tyrannici
2331 3724 2448 3788 viri
2483 3725 2576 3789 hic

751 3837 1039 3901 stimulus
1079 3836 1306 3900 amoris
1341 3852 1631 3918 apparet:
1677 3836 1889 3918 quod,
1945 3855 2097 3920 age,
2134 3839 2439 3907 describat
2473 3858 2584 3904 no-

752 3951 849 4014 bis
894 3952 1183 4031 deinceps
1225 3950 1537 4019 Socrates.

818 4100 899 4171 (t)
937 4105 1022 4156 De
1052 4108 1196 4176 Καρ.
1230 4104 1334 4160 IX·
1365 4104 1487 4176 571·
1527 4110 1595 4163 A.
1629 4137 1690 4152 —
1722 4100 1839 4181 573.
1877 4109 1937 4163 Β.
