<?xml version="1.0" encoding="UTF-8"?>
<!DOCTYPE html PUBLIC "-//W3C//DTD XHTML 1.0 Transitional//EN"
    "http://www.w3.org/TR/xhtml1/DTD/xhtml1-transitional.dtd">
<html xmlns="http://www.w3.org/1999/xhtml" xml:lang="en" lang="en">
 <head>
  <title>
</title>
<meta http-equiv="Content-Type" content="text/html;charset=utf-8" />
  <meta name='ocr-system' content='tesseract 3.04.00' />
  <meta name='ocr-capabilities' content='ocr_page ocr_carea ocr_par ocr_line ocrx_word'/>
</head>
<body>
  <div class='ocr_page' id='page_1' title='image "./initiaphilosoph05heusgoog_0151.png"; bbox 0 0 2792 5167; ppageno 0'>
   <div class='ocr_carea' id='block_1_1' title="bbox 1361 404 1848 495">
    <p class='ocr_par' dir='ltr' id='par_1_1' title="bbox 1361 404 1848 495">
     <span class='ocr_line' id='line_1_1' title="bbox 1361 404 1848 495; baseline 0.004 -16"><span class='ocrx_word' id='word_1_1' title='bbox 1361 422 1464 481; x_wconf 87' lang='grc'><strong>.·.-</strong></span> <span class='ocrx_word' id='word_1_2' title='bbox 1536 404 1673 495; x_wconf 56' lang='grc'><strong>,144</strong></span> <span class='ocrx_word' id='word_1_3' title='bbox 1753 420 1848 444; x_wconf 85' lang='grc'><em>-···</em></span> 
     </span>
    </p>
   </div>
   <div class='ocr_carea' id='block_1_2' title="bbox 629 556 2553 4036">
    <p class='ocr_par' dir='ltr' id='par_1_2' title="bbox 629 556 2553 4036">
     <span class='ocr_line' id='line_1_2' title="bbox 689 556 2542 669; baseline -0.006 -23"><span class='ocrx_word' id='word_1_4' title='bbox 689 656 694 669; x_wconf 36' lang='grc' dir='ltr'>Ι</span> <span class='ocrx_word' id='word_1_5' title='bbox 756 565 963 645; x_wconf 78' lang='lat' dir='ltr'><strong>Duxit</strong></span> <span class='ocrx_word' id='word_1_6' title='bbox 1011 591 1150 641; x_wconf 72' lang='lat' dir='ltr'><strong>eam</strong></span> <span class='ocrx_word' id='word_1_7' title='bbox 1209 572 1386 639; x_wconf 85' lang='lat' dir='ltr'><strong>Plato</strong></span> <span class='ocrx_word' id='word_1_8' title='bbox 1425 592 1475 647; x_wconf 70' lang='lat' dir='ltr'><strong>e,</strong></span> <span class='ocrx_word' id='word_1_9' title='bbox 1515 569 1900 639; x_wconf 77' lang='lat' dir='ltr'><strong>naturalibus</strong></span> <span class='ocrx_word' id='word_1_10' title='bbox 1947 565 2251 635; x_wconf 78' lang='lat' dir='ltr'>sensibus-</span> <span class='ocrx_word' id='word_1_11' title='bbox 2280 556 2542 635; x_wconf 67' lang='lat' dir='ltr'><strong>studiis.-</strong></span> 
     </span>
     <span class='ocr_line' id='line_1_3' title="bbox 676 680 2543 773; baseline -0.006 -14"><span class='ocrx_word' id='word_1_12' title='bbox 676 703 816 773; x_wconf 75' lang='lat' dir='ltr'><strong>que.</strong></span> <span class='ocrx_word' id='word_1_13' title='bbox 844 685 1033 755; x_wconf 76' lang='lat' dir='ltr'><strong>animi</strong></span> <span class='ocrx_word' id='word_1_14' title='bbox 1074 690 1350 759; x_wconf 82' lang='lat' dir='ltr'><strong>humani.</strong></span> <span class='ocrx_word' id='word_1_15' title='bbox 1413 689 1649 757; x_wconf 84' lang='lat' dir='ltr'><strong>Censet</strong></span> <span class='ocrx_word' id='word_1_16' title='bbox 1673 686 1885 766; x_wconf 85' lang='lat' dir='ltr'><strong>enim,</strong></span> <span class='ocrx_word' id='word_1_17' title='bbox 1921 680 2140 753; x_wconf 64' lang='lat' dir='ltr'><strong>natura</strong></span> <span class='ocrx_word' id='word_1_18' title='bbox 2163 683 2352 749; x_wconf 91' lang='lat' dir='ltr'><strong>nobis</strong></span> <span class='ocrx_word' id='word_1_19' title='bbox 2392 701 2543 767; x_wconf 78' lang='lat' dir='ltr'><strong>pro·</strong></span> 
     </span>
     <span class='ocr_line' id='line_1_4' title="bbox 657 784 2546 903; baseline -0.003 -32"><span class='ocrx_word' id='word_1_20' title='bbox 657 784 879 903; x_wconf 48' lang='lat' dir='ltr'><strong>:prium</strong></span> <span class='ocrx_word' id='word_1_21' title='bbox 903 824 1037 871; x_wconf 79' lang='lat' dir='ltr'><strong>esse</strong></span> <span class='ocrx_word' id='word_1_22' title='bbox 1063 824 1313 873; x_wconf 88' lang='lat' dir='ltr'><strong>sensum</strong></span> <span class='ocrx_word' id='word_1_23' title='bbox 1355 804 1679 888; x_wconf 85' lang='lat' dir='ltr'><strong>quemdam</strong></span> <span class='ocrx_word' id='word_1_24' title='bbox 1724 801 2001 886; x_wconf 84' lang='lat' dir='ltr'>rhythmi</span> <span class='ocrx_word' id='word_1_25' title='bbox 2034 816 2099 867; x_wconf 92' lang='lat' dir='ltr'><strong>et</strong></span> <span class='ocrx_word' id='word_1_26' title='bbox 2134 796 2546 881; x_wconf 82' lang='lat' dir='ltr'><strong>harmoniae,</strong></span> 
     </span>
     <span class='ocr_line' id='line_1_5' title="bbox 672 916 2545 1007; baseline -0.003 -19"><span class='ocrx_word' id='word_1_27' title='bbox 672 941 803 1005; x_wconf 84' lang='lat' dir='ltr'><strong>quo</strong></span> <span class='ocrx_word' id='word_1_28' title='bbox 876 924 1101 989; x_wconf 87' lang='lat' dir='ltr'><strong>ceteris</strong></span> <span class='ocrx_word' id='word_1_29' title='bbox 1149 938 1536 1007; x_wconf 86' lang='lat' dir='ltr'><strong>praestemus</strong></span> <span class='ocrx_word' id='word_1_30' title='bbox 1610 920 2073 991; x_wconf 80' lang='lat' dir='ltr'><strong>animantibus:</strong></span> <span class='ocrx_word' id='word_1_31' title='bbox 2140 916 2264 985; x_wconf 87' lang='lat' dir='ltr'><strong>hoc</strong></span> <span class='ocrx_word' id='word_1_32' title='bbox 2329 932 2545 985; x_wconf 84' lang='lat' dir='ltr'><strong>autem</strong></span> 
     </span>
     <span class='ocr_line' id='line_1_6' title="bbox 655 1034 2550 1131; baseline -0.003 -26"><span class='ocrx_word' id='word_1_33' title='bbox 655 1052 906 1127; x_wconf 55' lang='lat' dir='ltr'><strong>‚motum</strong></span> <span class='ocrx_word' id='word_1_34' title='bbox 969 1040 1355 1122; x_wconf 87' lang='lat' dir='ltr'><strong>ductumque</strong></span> <span class='ocrx_word' id='word_1_35' title='bbox 1420 1054 1622 1131; x_wconf 80' lang='lat' dir='ltr'><strong>genus</strong></span> <span class='ocrx_word' id='word_1_36' title='bbox 1688 1034 2013 1104; x_wconf 87' lang='lat' dir='ltr'><strong>hominum</strong></span> <span class='ocrx_word' id='word_1_37' title='bbox 2037 1083 2063 1119; x_wconf 90' lang='lat'><strong>‚</strong></span> <span class='ocrx_word' id='word_1_38' title='bbox 2122 1050 2356 1120; x_wconf 89' lang='lat' dir='ltr'><strong>sponte</strong></span> <span class='ocrx_word' id='word_1_39' title='bbox 2429 1050 2550 1100; x_wconf 83' lang='lat' dir='ltr'><strong>sua</strong></span> 
     </span>
     <span class='ocr_line' id='line_1_7' title="bbox 655 1152 2547 1249; baseline -0.001 -30"><span class='ocrx_word' id='word_1_40' title='bbox 655 1166 744 1249; x_wconf 28' lang='lat' dir='ltr'><strong>let·</strong></span> <span class='ocrx_word' id='word_1_41' title='bbox 773 1153 1007 1220; x_wconf 88' lang='lat' dir='ltr'><strong>choros</strong></span> <span class='ocrx_word' id='word_1_42' title='bbox 1064 1172 1245 1238; x_wconf 84' lang='lat' dir='ltr'><strong>agere</strong></span> <span class='ocrx_word' id='word_1_43' title='bbox 1304 1154 1664 1223; x_wconf 82' lang='lat' dir='ltr'><strong>instituisse</strong></span> <span class='ocrx_word' id='word_1_44' title='bbox 1713 1168 1776 1220; x_wconf 88' lang='lat' dir='ltr'><strong>et</strong></span> <span class='ocrx_word' id='word_1_45' title='bbox 1816 1153 2150 1231; x_wconf 59' lang='lat' dir='ltr'><strong>‚invenisse</strong></span> <span class='ocrx_word' id='word_1_46' title='bbox 2203 1152 2547 1218; x_wconf 83' lang='lat' dir='ltr'><strong>musicam.</strong></span> 
     </span>
     <span class='ocr_line' id='line_1_8' title="bbox 654 1265 2547 1366; baseline -0.001 -32"><span class='ocrx_word' id='word_1_47' title='bbox 654 1268 743 1366; x_wconf 32' lang='lat' dir='ltr'><strong>..In</strong></span> <span class='ocrx_word' id='word_1_48' title='bbox 782 1287 974 1353; x_wconf 88' lang='lat' dir='ltr'><strong>opere</strong></span> <span class='ocrx_word' id='word_1_49' title='bbox 1015 1271 1094 1336; x_wconf 89' lang='lat' dir='ltr'><strong>de</strong></span> <span class='ocrx_word' id='word_1_50' title='bbox 1149 1265 1434 1356; x_wconf 81' lang='lat' dir='ltr'><strong>Legibus</strong></span> <span class='ocrx_word' id='word_1_51' title='bbox 1456 1319 1483 1353; x_wconf 88' lang='lat'>‚</span> <span class='ocrx_word' id='word_1_52' title='bbox 1528 1268 1704 1354; x_wconf 84' lang='lat' dir='ltr'><strong>quod</strong></span> <span class='ocrx_word' id='word_1_53' title='bbox 1754 1285 1951 1337; x_wconf 84' lang='lat' dir='ltr'><strong>senex</strong></span> <span class='ocrx_word' id='word_1_54' title='bbox 2005 1268 2263 1355; x_wconf 83' lang='lat' dir='ltr'><strong>scripsit</strong></span> <span class='ocrx_word' id='word_1_55' title='bbox 2283 1315 2309 1351; x_wconf 89' lang='lat'>‚</span> <span class='ocrx_word' id='word_1_56' title='bbox 2353 1282 2547 1334; x_wconf 86' lang='lat' dir='ltr'><strong>senes</strong></span> 
     </span>
     <span class='ocr_line' id='line_1_9' title="bbox 662 1381 2553 1470; baseline 0.003 -23"><span class='ocrx_word' id='word_1_57' title='bbox 662 1381 908 1451; x_wconf 82' lang='lat' dir='ltr'><strong>inducit</strong></span> <span class='ocrx_word' id='word_1_58' title='bbox 948 1387 1064 1453; x_wconf 75' lang='lat' dir='ltr'><strong>hac</strong></span> <span class='ocrx_word' id='word_1_59' title='bbox 1093 1387 1171 1453; x_wconf 89' lang='lat' dir='ltr'><strong>de</strong></span> <span class='ocrx_word' id='word_1_60' title='bbox 1203 1406 1271 1453; x_wconf 89' lang='lat' dir='ltr'><strong>re</strong></span> <span class='ocrx_word' id='word_1_61' title='bbox 1316 1388 1802 1469; x_wconf 87' lang='lat' dir='ltr'><strong>colloquentes,</strong></span> <span class='ocrx_word' id='word_1_62' title='bbox 1849 1384 2154 1469; x_wconf 87' lang='lat' dir='ltr'><strong>Critiam‚</strong></span> <span class='ocrx_word' id='word_1_63' title='bbox 2197 1383 2553 1470; x_wconf 84' lang='lat' dir='ltr'><strong>Megillum</strong></span> 
     </span>
     <span class='ocr_line' id='line_1_10' title="bbox 657 1497 2553 1589; baseline -0.001 -22"><span class='ocrx_word' id='word_1_64' title='bbox 657 1516 731 1589; x_wconf 46' lang='lat' dir='ltr'><strong>‚et</strong></span> <span class='ocrx_word' id='word_1_65' title='bbox 767 1501 1100 1586; x_wconf 65' lang='lat' dir='ltr'><strong>hospitem,</strong></span> <span class='ocrx_word' id='word_1_66' title='bbox 1137 1502 1588 1573; x_wconf 84' lang='lat' dir='ltr'><strong>Atheniensem</strong></span> <span class='ocrx_word' id='word_1_67' title='bbox 1610 1549 1635 1585; x_wconf 90' lang='lat'>,</span> <span class='ocrx_word' id='word_1_68' title='bbox 1682 1521 1955 1587; x_wconf 87' lang='lat' dir='ltr'><strong>quorum</strong></span> <span class='ocrx_word' id='word_1_69' title='bbox 1995 1502 2099 1567; x_wconf 86' lang='lat' dir='ltr'><strong>hic</strong></span> <span class='ocrx_word' id='word_1_70' title='bbox 2162 1500 2251 1568; x_wconf 84' lang='lat' dir='ltr'><strong>ita</strong></span> <span class='ocrx_word' id='word_1_71' title='bbox 2294 1497 2553 1585; x_wconf 78' lang='lat' dir='ltr'><strong>profert</strong></span> 
     </span>
     <span class='ocr_line' id='line_1_11' title="bbox 661 1616 2551 1702; baseline -0.002 -15"><span class='ocrx_word' id='word_1_72' title='bbox 661 1622 1034 1687; x_wconf 75' lang='lat' dir='ltr'><strong>sententiam</strong></span> <span class='ocrx_word' id='word_1_73' title='bbox 1070 1639 1274 1687; x_wconf 88' lang='lat' dir='ltr'><strong>suam.</strong></span> <span class='ocrx_word' id='word_1_74' title='bbox 1364 1665 1421 1702; x_wconf 91' lang='lat'><strong>,‚</strong></span> <span class='ocrx_word' id='word_1_75' title='bbox 1465 1616 1820 1685; x_wconf 84' lang='lat' dir='ltr'><strong>Videndum</strong></span> <span class='ocrx_word' id='word_1_76' title='bbox 1846 1665 1873 1701; x_wconf 89' lang='lat'><strong>,</strong></span> <span class='ocrx_word' id='word_1_77' title='bbox 1916 1635 2065 1685; x_wconf 91' lang='lat' dir='ltr'><strong>num</strong></span> <span class='ocrx_word' id='word_1_78' title='bbox 2109 1634 2303 1685; x_wconf 79' lang='lat' dir='ltr'><strong>verus</strong></span> <span class='ocrx_word' id='word_1_79' title='bbox 2343 1617 2432 1684; x_wconf 90' lang='lat' dir='ltr'><strong>sit</strong></span> <span class='ocrx_word' id='word_1_80' title='bbox 2482 1631 2551 1683; x_wconf 78' lang='lat' dir='ltr'><strong>et</strong></span> 
     </span>
     <span class='ocr_line' id='line_1_12' title="bbox 657 1714 2545 1817; baseline -0.002 -14"><span class='ocrx_word' id='word_1_81' title='bbox 657 1714 1005 1803; x_wconf 70' lang='lat' dir='ltr'><strong>secundum</strong></span> <span class='ocrx_word' id='word_1_82' title='bbox 1062 1751 1340 1801; x_wconf 82' lang='lat' dir='ltr'><strong>naturam</strong></span> <span class='ocrx_word' id='word_1_83' title='bbox 1364 1781 1388 1814; x_wconf 90' lang='lat'>‚</span> <span class='ocrx_word' id='word_1_84' title='bbox 1435 1735 1549 1817; x_wconf 90' lang='lat' dir='ltr'><strong>qui</strong></span> <span class='ocrx_word' id='word_1_85' title='bbox 1587 1734 1780 1801; x_wconf 88' lang='lat' dir='ltr'><strong>nobis</strong></span> <span class='ocrx_word' id='word_1_86' title='bbox 1843 1734 2241 1816; x_wconf 87' lang='lat' dir='ltr'><strong>celebratur,</strong></span> <span class='ocrx_word' id='word_1_87' title='bbox 2284 1749 2545 1801; x_wconf 73' lang='lat' dir='ltr'><strong>sermoz</strong></span> 
     </span>
     <span class='ocr_line' id='line_1_13' title="bbox 655 1828 2550 1932; baseline -0.002 -13"><span class='ocrx_word' id='word_1_88' title='bbox 655 1828 928 1919; x_wconf 74' lang='lat' dir='ltr'><strong>dicimus</strong></span> <span class='ocrx_word' id='word_1_89' title='bbox 966 1866 1172 1919; x_wconf 86' lang='lat' dir='ltr'><strong>autem</strong></span> <span class='ocrx_word' id='word_1_90' title='bbox 1198 1896 1223 1932; x_wconf 90' lang='lat'>,</span> <span class='ocrx_word' id='word_1_91' title='bbox 1265 1848 1598 1918; x_wconf 85' lang='lat' dir='ltr'><strong>animantia</strong></span> <span class='ocrx_word' id='word_1_92' title='bbox 1633 1864 1876 1919; x_wconf 86' lang='lat' dir='ltr'><strong>tantum</strong></span> <span class='ocrx_word' id='word_1_93' title='bbox 1909 1867 2043 1917; x_wconf 89' lang='lat' dir='ltr'><strong>non</strong></span> <span class='ocrx_word' id='word_1_94' title='bbox 2083 1848 2291 1916; x_wconf 87' lang='lat' dir='ltr'><strong>omnia</strong></span> <span class='ocrx_word' id='word_1_95' title='bbox 2315 1894 2341 1930; x_wconf 90' lang='lat'>‚</span> <span class='ocrx_word' id='word_1_96' title='bbox 2386 1850 2550 1916; x_wconf 88' lang='lat' dir='ltr'><strong>dum</strong></span> 
     </span>
     <span class='ocr_line' id='line_1_14' title="bbox 655 1965 2550 2056; baseline -0.002 -21"><span class='ocrx_word' id='word_1_97' title='bbox 655 1969 924 2056; x_wconf 84' lang='lat' dir='ltr'><strong>juvenili</strong></span> <span class='ocrx_word' id='word_1_98' title='bbox 985 1984 1137 2036; x_wconf 87' lang='lat' dir='ltr'><strong>sunt</strong></span> <span class='ocrx_word' id='word_1_99' title='bbox 1191 1983 1393 2035; x_wconf 81' lang='lat' dir='ltr'><strong>aetate</strong></span> <span class='ocrx_word' id='word_1_100' title='bbox 1415 2015 1440 2049; x_wconf 88' lang='lat'><strong>‚</strong></span> <span class='ocrx_word' id='word_1_101' title='bbox 1494 1986 1611 2035; x_wconf 87' lang='lat' dir='ltr'><strong>nec</strong></span> <span class='ocrx_word' id='word_1_102' title='bbox 1668 1985 1938 2053; x_wconf 87' lang='lat' dir='ltr'><strong>corpore</strong></span> <span class='ocrx_word' id='word_1_103' title='bbox 1979 1984 2171 2052; x_wconf 88' lang='lat' dir='ltr'><strong>posse</strong></span> <span class='ocrx_word' id='word_1_104' title='bbox 2212 1965 2550 2049; x_wconf 83' lang='lat' dir='ltr'><strong>quiescere</strong></span> 
     </span>
     <span class='ocr_line' id='line_1_15' title="bbox 661 2081 2542 2171; baseline -0.002 -18"><span class='ocrx_word' id='word_1_105' title='bbox 661 2104 780 2153; x_wconf 89' lang='lat' dir='ltr'><strong>nec</strong></span> <span class='ocrx_word' id='word_1_106' title='bbox 822 2085 1040 2171; x_wconf 68' lang='lat' dir='ltr'><strong>lingua</strong></span> <span class='ocrx_word' id='word_1_107' title='bbox 1078 2086 1263 2153; x_wconf 86' lang='lat' dir='ltr'><strong>silere</strong></span> <span class='ocrx_word' id='word_1_108' title='bbox 1286 2133 1312 2166; x_wconf 80' lang='grc'>,</span> <span class='ocrx_word' id='word_1_109' title='bbox 1356 2081 1596 2154; x_wconf 85' lang='lat' dir='ltr'><strong>moveri</strong></span> <span class='ocrx_word' id='word_1_110' title='bbox 1639 2102 1794 2152; x_wconf 80' lang='lat' dir='ltr'><strong>vero</strong></span> <span class='ocrx_word' id='word_1_111' title='bbox 1844 2099 2088 2168; x_wconf 86' lang='lat' dir='ltr'><strong>semper</strong></span> <span class='ocrx_word' id='word_1_112' title='bbox 2129 2098 2191 2150; x_wconf 89' lang='lat' dir='ltr'><strong>et</strong></span> <span class='ocrx_word' id='word_1_113' title='bbox 2227 2084 2542 2149; x_wconf 60' lang='lat' dir='ltr'><strong>clamare}</strong></span> 
     </span>
     <span class='ocr_line' id='line_1_16' title="bbox 657 2199 2547 2287; baseline -0.004 -16"><span class='ocrx_word' id='word_1_114' title='bbox 657 2204 971 2271; x_wconf 82' lang='lat' dir='ltr'><strong>exsultare</strong></span> <span class='ocrx_word' id='word_1_115' title='bbox 1010 2199 1141 2268; x_wconf 89' lang='lat' dir='ltr'><strong>fere</strong></span> <span class='ocrx_word' id='word_1_116' title='bbox 1179 2222 1250 2269; x_wconf 89' lang='lat' dir='ltr'><strong>ac</strong></span> <span class='ocrx_word' id='word_1_117' title='bbox 1275 2201 1654 2286; x_wconf 83' lang='lat' dir='ltr'><strong>tripudiare,</strong></span> <span class='ocrx_word' id='word_1_118' title='bbox 1698 2221 1846 2286; x_wconf 86' lang='lat' dir='ltr'><strong>prae</strong></span> <span class='ocrx_word' id='word_1_119' title='bbox 1869 2201 2100 2287; x_wconf 84' lang='lat' dir='ltr'><strong>gaudio</strong></span> <span class='ocrx_word' id='word_1_120' title='bbox 2146 2199 2434 2266; x_wconf 83' lang='lat' dir='ltr'><strong>saltantia</strong></span> <span class='ocrx_word' id='word_1_121' title='bbox 2470 2214 2547 2265; x_wconf 81' lang='lat' dir='ltr'><strong>ac</strong></span> 
     </span>
     <span class='ocr_line' id='line_1_17' title="bbox 658 2314 2548 2401; baseline -0.002 -15"><span class='ocrx_word' id='word_1_122' title='bbox 658 2318 940 2387; x_wconf 84' lang='lat' dir='ltr'><strong>ludentia</strong></span> <span class='ocrx_word' id='word_1_123' title='bbox 965 2366 989 2401; x_wconf 89' lang='lat'>‚</span> <span class='ocrx_word' id='word_1_124' title='bbox 1033 2337 1145 2387; x_wconf 86' lang='lat' dir='ltr'><strong>ore</strong></span> <span class='ocrx_word' id='word_1_125' title='bbox 1185 2336 1334 2384; x_wconf 83' lang='lat' dir='ltr'><strong>vero</strong></span> <span class='ocrx_word' id='word_1_126' title='bbox 1395 2317 1610 2383; x_wconf 84' lang='lat' dir='ltr'><strong>nullos</strong></span> <span class='ocrx_word' id='word_1_127' title='bbox 1673 2334 1795 2384; x_wconf 88' lang='lat' dir='ltr'><strong>nos</strong></span> <span class='ocrx_word' id='word_1_128' title='bbox 1837 2334 2034 2384; x_wconf 85' lang='lat' dir='ltr'><strong>sonos</strong></span> <span class='ocrx_word' id='word_1_129' title='bbox 2098 2314 2426 2400; x_wconf 77' lang='lat' dir='ltr'><strong>emittere3</strong></span> <span class='ocrx_word' id='word_1_130' title='bbox 2479 2314 2548 2382; x_wconf 88' lang='lat' dir='ltr'><strong>in</strong></span> 
     </span>
     <span class='ocr_line' id='line_1_18' title="bbox 662 2429 2550 2501; baseline -0.002 0"><span class='ocrx_word' id='word_1_131' title='bbox 662 2433 767 2501; x_wconf 85' lang='lat' dir='ltr'><strong>his</strong></span> <span class='ocrx_word' id='word_1_132' title='bbox 802 2447 1010 2500; x_wconf 85' lang='lat' dir='ltr'><strong>autem</strong></span> <span class='ocrx_word' id='word_1_133' title='bbox 1069 2447 1311 2499; x_wconf 87' lang='lat' dir='ltr'><strong>caetera</strong></span> <span class='ocrx_word' id='word_1_134' title='bbox 1365 2429 1652 2499; x_wconf 86' lang='lat' dir='ltr'><strong>animalia</strong></span> <span class='ocrx_word' id='word_1_135' title='bbox 1704 2434 1951 2500; x_wconf 85' lang='lat' dir='ltr'><strong>nullum</strong></span> <span class='ocrx_word' id='word_1_136' title='bbox 2015 2431 2240 2498; x_wconf 85' lang='lat' dir='ltr'><strong>habere</strong></span> <span class='ocrx_word' id='word_1_137' title='bbox 2299 2432 2550 2499; x_wconf 79' lang='lat' dir='ltr'><strong>ordinis</strong></span> 
     </span>
     <span class='ocr_line' id='line_1_19' title="bbox 655 2520 2547 2647; baseline -0.001 -30"><span class='ocrx_word' id='word_1_138' title='bbox 655 2567 964 2647; x_wconf 65' lang='lat' dir='ltr'><strong>sensum,</strong></span> <span class='ocrx_word' id='word_1_139' title='bbox 1009 2551 1122 2614; x_wconf 87' lang='lat' dir='ltr'><strong>secl</strong></span> <span class='ocrx_word' id='word_1_140' title='bbox 1165 2549 1302 2613; x_wconf 87' lang='lat' dir='ltr'><strong>sinc</strong></span> <span class='ocrx_word' id='word_1_141' title='bbox 1341 2520 1639 2632; x_wconf 68' lang='lat' dir='ltr'><strong>rhythmo</strong></span> <span class='ocrx_word' id='word_1_142' title='bbox 1700 2546 1994 2630; x_wconf 83' lang='lat' dir='ltr'><strong>moveri,</strong></span> <span class='ocrx_word' id='word_1_143' title='bbox 2038 2549 2174 2614; x_wconf 88' lang='lat' dir='ltr'><strong>sinc</strong></span> <span class='ocrx_word' id='word_1_144' title='bbox 2213 2549 2547 2616; x_wconf 80' lang='lat' dir='ltr'><strong>harmonia</strong></span> 
     </span>
     <span class='ocr_line' id='line_1_20' title="bbox 656 2662 2548 2750; baseline 0 -17"><span class='ocrx_word' id='word_1_145' title='bbox 656 2662 1036 2749; x_wconf 79' lang='lat' dir='ltr'><strong>vociferari3</strong></span> <span class='ocrx_word' id='word_1_146' title='bbox 1095 2663 1462 2733; x_wconf 82' lang='lat' dir='ltr'><strong>hominibus</strong></span> <span class='ocrx_word' id='word_1_147' title='bbox 1516 2681 1670 2731; x_wconf 80' lang='lat' dir='ltr'><strong>vero</strong></span> <span class='ocrx_word' id='word_1_148' title='bbox 1734 2667 1910 2734; x_wconf 87' lang='lat' dir='ltr'><strong>Deos</strong></span> <span class='ocrx_word' id='word_1_149' title='bbox 1966 2678 2035 2732; x_wconf 89' lang='lat' dir='ltr'><strong>et</strong></span> <span class='ocrx_word' id='word_1_150' title='bbox 2074 2663 2357 2750; x_wconf 86' lang='lat' dir='ltr'><strong>rhythmi</strong></span> <span class='ocrx_word' id='word_1_151' title='bbox 2427 2667 2548 2733; x_wconf 90' lang='lat' dir='ltr'><strong>tri-</strong></span> 
     </span>
     <span class='ocr_line' id='line_1_21' title="bbox 659 2770 2543 2869; baseline 0.001 -18"><span class='ocrx_word' id='word_1_152' title='bbox 659 2770 881 2869; x_wconf 60' lang='lat' dir='ltr'><strong>fbuisse</strong></span> <span class='ocrx_word' id='word_1_153' title='bbox 918 2800 981 2851; x_wconf 88' lang='lat' dir='ltr'><strong>et</strong></span> <span class='ocrx_word' id='word_1_154' title='bbox 1022 2783 1380 2851; x_wconf 84' lang='lat' dir='ltr'><strong>harmoniae</strong></span> <span class='ocrx_word' id='word_1_155' title='bbox 1442 2798 1697 2849; x_wconf 88' lang='lat' dir='ltr'><strong>sensum</strong></span> <span class='ocrx_word' id='word_1_156' title='bbox 1721 2832 1746 2867; x_wconf 90' lang='lat'>‚</span> <span class='ocrx_word' id='word_1_157' title='bbox 1809 2800 1941 2868; x_wconf 90' lang='lat' dir='ltr'><strong>quo</strong></span> <span class='ocrx_word' id='word_1_158' title='bbox 2012 2798 2158 2868; x_wconf 84' lang='lat' dir='ltr'><strong>apte</strong></span> <span class='ocrx_word' id='word_1_159' title='bbox 2212 2802 2333 2852; x_wconf 89' lang='lat' dir='ltr'><strong>nos</strong></span> <span class='ocrx_word' id='word_1_160' title='bbox 2397 2802 2543 2852; x_wconf 85' lang='lat' dir='ltr'><strong>mo-</strong></span> 
     </span>
     <span class='ocr_line' id='line_1_22' title="bbox 658 2901 2543 2985; baseline 0.001 -17"><span class='ocrx_word' id='word_1_161' title='bbox 658 2920 954 2985; x_wconf 70' lang='lat' dir='ltr'><strong>yeremus</strong></span> <span class='ocrx_word' id='word_1_162' title='bbox 1014 2902 1296 2969; x_wconf 80' lang='lat' dir='ltr'><strong>saltando</strong></span> <span class='ocrx_word' id='word_1_163' title='bbox 1353 2915 1417 2966; x_wconf 85' lang='lat' dir='ltr'><strong>et</strong></span> <span class='ocrx_word' id='word_1_164' title='bbox 1497 2918 1863 2970; x_wconf 84' lang='lat' dir='ltr'><strong>caneremus</strong></span> <span class='ocrx_word' id='word_1_165' title='bbox 1943 2901 2300 2984; x_wconf 84' lang='lat' dir='ltr'><strong>concinne,</strong></span> <span class='ocrx_word' id='word_1_166' title='bbox 2363 2905 2543 2983; x_wconf 59' lang='lat' dir='ltr'><strong>‚cho-</strong></span> 
     </span>
     <span class='ocr_line' id='line_1_23' title="bbox 656 3002 2543 3105; baseline 0 -22"><span class='ocrx_word' id='word_1_167' title='bbox 656 3002 800 3083; x_wconf 68' lang='lat' dir='ltr'><strong>ros&#39;</strong></span> <span class='ocrx_word' id='word_1_168' title='bbox 836 3017 1236 3082; x_wconf 85' lang='lat' dir='ltr'><strong>instituentes</strong></span> <span class='ocrx_word' id='word_1_169' title='bbox 1315 3035 1464 3081; x_wconf 89' lang='lat' dir='ltr'><strong>cum</strong></span> <span class='ocrx_word' id='word_1_170' title='bbox 1533 3015 1886 3099; x_wconf 80' lang='lat' dir='ltr'><strong>hilaritate,</strong></span> <span class='ocrx_word' id='word_1_171' title='bbox 1977 3019 2089 3101; x_wconf 88' lang='lat' dir='ltr'><strong>qui</strong></span> <span class='ocrx_word' id='word_1_172' title='bbox 2168 3025 2337 3105; x_wconf 59' lang='grc' dir='ltr'><strong>παρὰ</strong></span> <span class='ocrx_word' id='word_1_173' title='bbox 2428 3030 2543 3099; x_wconf 66' lang='grc' dir='ltr'><strong>τῆς</strong></span> 
     </span>
     <span class='ocr_line' id='line_1_24' title="bbox 655 3129 2545 3228; baseline 0.004 -34"><span class='ocrx_word' id='word_1_174' title='bbox 655 3137 910 3228; x_wconf 58' lang='grc' dir='ltr'><strong>καρὶς,</strong></span> <span class='ocrx_word' id='word_1_175' title='bbox 969 3129 1047 3194; x_wconf 84' lang='lat' dir='ltr'><strong>ab</strong></span> <span class='ocrx_word' id='word_1_176' title='bbox 1091 3129 1226 3215; x_wconf 86' lang='lat' dir='ltr'><strong>ipsa</strong></span> <span class='ocrx_word' id='word_1_177' title='bbox 1267 3131 1582 3196; x_wconf 78' lang='lat' dir='ltr'><strong>hilaritate</strong></span> <span class='ocrx_word' id='word_1_178' title='bbox 1622 3148 1853 3197; x_wconf 88' lang='lat' dir='ltr'><strong>nomen</strong></span> <span class='ocrx_word' id='word_1_179' title='bbox 1905 3131 2163 3202; x_wconf 83' lang='lat' dir='ltr'><strong>habent.</strong></span> <span class='ocrx_word' id='word_1_180' title='bbox 2205 3134 2268 3179; x_wconf 70' lang='lat'><strong>‘¹²</strong></span> <span class='ocrx_word' id='word_1_181' title='bbox 2354 3136 2545 3222; x_wconf 80' lang='lat' dir='ltr'><strong>Quae</strong></span> 
     </span>
     <span class='ocr_line' id='line_1_25' title="bbox 654 3234 2543 3336; baseline 0.002 -21"><span class='ocrx_word' id='word_1_182' title='bbox 654 3234 964 3315; x_wconf 79' lang='lat' dir='ltr'><strong>sententia</strong></span> <span class='ocrx_word' id='word_1_183' title='bbox 1051 3246 1138 3310; x_wconf 88' lang='lat' dir='ltr'><strong>ita</strong></span> <span class='ocrx_word' id='word_1_184' title='bbox 1200 3247 1410 3328; x_wconf 83' lang='lat' dir='ltr'><strong>placet</strong></span> <span class='ocrx_word' id='word_1_185' title='bbox 1495 3246 1873 3313; x_wconf 77' lang='lat' dir='ltr'><strong>Atheniensi</strong></span> <span class='ocrx_word' id='word_1_186' title='bbox 1948 3248 2192 3331; x_wconf 88' lang='lat' dir='ltr'><strong>hospiti</strong></span> <span class='ocrx_word' id='word_1_187' title='bbox 2232 3297 2259 3331; x_wconf 88' lang='lat'><em>‚</em></span> <span class='ocrx_word' id='word_1_188' title='bbox 2345 3256 2543 3336; x_wconf 74' lang='lat' dir='ltr'><strong>cuius</strong></span> 
     </span>
     <span class='ocr_line' id='line_1_26' title="bbox 655 3361 2542 3448; baseline -0.001 -13"><span class='ocrx_word' id='word_1_189' title='bbox 655 3364 779 3435; x_wconf 76' lang='lat' dir='ltr'><strong>sub</strong></span> <span class='ocrx_word' id='word_1_190' title='bbox 854 3381 1126 3448; x_wconf 86' lang='lat' dir='ltr'><strong>persona</strong></span> <span class='ocrx_word' id='word_1_191' title='bbox 1196 3361 1331 3445; x_wconf 84' lang='lat' dir='ltr'><strong>ipse</strong></span> <span class='ocrx_word' id='word_1_192' title='bbox 1408 3362 1593 3445; x_wconf 88' lang='lat' dir='ltr'><strong>loqui</strong></span> <span class='ocrx_word' id='word_1_193' title='bbox 1649 3362 1900 3429; x_wconf 83' lang='lat' dir='ltr'><strong>videtur</strong></span> <span class='ocrx_word' id='word_1_194' title='bbox 1960 3364 2137 3430; x_wconf 80' lang='lat' dir='ltr'><strong>Plato</strong></span> <span class='ocrx_word' id='word_1_195' title='bbox 2179 3409 2211 3442; x_wconf 79' lang='lat'>‚</span> <span class='ocrx_word' id='word_1_196' title='bbox 2274 3378 2349 3431; x_wconf 86' lang='lat' dir='ltr'><strong>ut</strong></span> <span class='ocrx_word' id='word_1_197' title='bbox 2418 3366 2542 3434; x_wconf 88' lang='lat' dir='ltr'><strong>ite-</strong></span> 
     </span>
     <span class='ocr_line' id='line_1_27' title="bbox 652 3478 2539 3558; baseline 0 -7"><span class='ocrx_word' id='word_1_198' title='bbox 652 3501 795 3551; x_wconf 86' lang='lat' dir='ltr'><strong>rum</strong></span> <span class='ocrx_word' id='word_1_199' title='bbox 852 3479 1028 3548; x_wconf 87' lang='lat' dir='ltr'><strong>illum</strong></span> <span class='ocrx_word' id='word_1_200' title='bbox 1086 3494 1150 3546; x_wconf 91' lang='lat' dir='ltr'><strong>et</strong></span> <span class='ocrx_word' id='word_1_201' title='bbox 1199 3478 1455 3545; x_wconf 87' lang='lat' dir='ltr'><strong>tertium</strong></span> <span class='ocrx_word' id='word_1_202' title='bbox 1516 3494 1859 3558; x_wconf 80' lang='lat' dir='ltr'><strong>memoret:</strong></span> <span class='ocrx_word' id='word_1_203' title='bbox 1907 3478 2376 3547; x_wconf 86' lang='lat' dir='ltr'><strong>evidentissime</strong></span> <span class='ocrx_word' id='word_1_204' title='bbox 2426 3503 2539 3551; x_wconf 88' lang='lat' dir='ltr'><strong>au-</strong></span> 
     </span>
     <span class='ocr_line' id='line_1_28' title="bbox 653 3584 2535 3690; baseline 0.002 -21"><span class='ocrx_word' id='word_1_205' title='bbox 653 3616 819 3683; x_wconf 72' lang='lat' dir='ltr'><strong>tem,</strong></span> <span class='ocrx_word' id='word_1_206' title='bbox 873 3597 975 3664; x_wconf 80' lang='lat' dir='ltr'><strong>his</strong></span> <span class='ocrx_word' id='word_1_207' title='bbox 1012 3594 1267 3663; x_wconf 71' lang='lat' dir='ltr'><strong>verbist</strong></span> <span class='ocrx_word' id='word_1_208' title='bbox 1314 3598 1598 3680; x_wconf 67' lang='lat' dir='ltr'><strong>dmm.</strong></span> <span class='ocrx_word' id='word_1_209' title='bbox 1643 3599 1696 3667; x_wconf 75' lang='grc' dir='ltr'><strong>εἱ</strong></span> <span class='ocrx_word' id='word_1_210' title='bbox 1736 3584 2092 3682; x_wconf 46' lang='lat' dir='ltr'><strong>(beania-508·</strong></span> <span class='ocrx_word' id='word_1_211' title='bbox 2117 3646 2141 3681; x_wconf 87' lang='lat'>‚</span> <span class='ocrx_word' id='word_1_212' title='bbox 2197 3600 2274 3676; x_wconf 78' lang='grc' dir='ltr'><strong>ὥς</strong></span> <span class='ocrx_word' id='word_1_213' title='bbox 2319 3605 2356 3682; x_wconf 69' lang='grc' dir='ltr'><em>ἢ</em></span> <span class='ocrx_word' id='word_1_214' title='bbox 2410 3607 2535 3690; x_wconf 78' lang='grc' dir='ltr'><strong>Φύ-</strong></span> 
     </span>
     <span class='ocr_line' id='line_1_29' title="bbox 656 3698 2532 3804; baseline 0.002 -19"><span class='ocrx_word' id='word_1_215' title='bbox 656 3744 750 3795; x_wconf 69' lang='grc' dir='ltr'><strong>σις</strong></span> <span class='ocrx_word' id='word_1_216' title='bbox 816 3698 1105 3797; x_wconf 50' lang='lat' dir='ltr'><strong>iidemu</strong></span> <span class='ocrx_word' id='word_1_217' title='bbox 1159 3722 1277 3785; x_wconf 74' lang='grc' dir='ltr'><strong>τῶν</strong></span> <span class='ocrx_word' id='word_1_218' title='bbox 1338 3717 1479 3784; x_wconf 70' lang='grc' dir='ltr'><strong>νέων</strong></span> <span class='ocrx_word' id='word_1_219' title='bbox 1540 3716 1816 3800; x_wconf 71' lang='grc' dir='ltr'><strong>διάπυρος</strong></span> <span class='ocrx_word' id='word_1_220' title='bbox 1876 3715 2024 3787; x_wconf 68' lang='grc' dir='ltr'><strong>οὖσα</strong></span> <span class='ocrx_word' id='word_1_221' title='bbox 2091 3721 2355 3804; x_wconf 65' lang='grc' dir='ltr'><strong>ἡσυχίαν</strong></span> <span class='ocrx_word' id='word_1_222' title='bbox 2411 3726 2532 3802; x_wconf 70' lang='grc' dir='ltr'><strong>οὐχ</strong></span> 
     </span>
     <span class='ocr_line' id='line_1_30' title="bbox 2434 3832 2530 3901; baseline 0 0"><span class='ocrx_word' id='word_1_223' title='bbox 2434 3832 2530 3901; x_wconf 68' lang='grc' dir='ltr'><strong>οἵα</strong></span> 
     </span>
     <span class='ocr_line' id='line_1_31' title="bbox 629 3932 2530 4036; baseline -0.002 -16"><span class='ocrx_word' id='word_1_224' title='bbox 629 3932 634 3941; x_wconf 36' lang='lat'>¹</span> <span class='ocrx_word' id='word_1_225' title='bbox 723 3969 818 4035; x_wconf 73' lang='grc' dir='ltr'><strong>(ι)</strong></span> <span class='ocrx_word' id='word_1_226' title='bbox 853 3964 941 4019; x_wconf 73' lang='lat' dir='ltr'><strong>De</strong></span> <span class='ocrx_word' id='word_1_227' title='bbox 966 3964 1131 4036; x_wconf 63' lang='lat' dir='ltr'><strong>Len.</strong></span> <span class='ocrx_word' id='word_1_228' title='bbox 1169 3966 1251 4020; x_wconf 85' lang='lat'><strong>11.</strong></span> <span class='ocrx_word' id='word_1_229' title='bbox 1286 3964 1411 4020; x_wconf 69' lang='lat'><strong>63³·</strong></span> <span class='ocrx_word' id='word_1_230' title='bbox 1445 3963 1515 4019; x_wconf 70' lang='grc' dir='ltr'><strong>Ι.</strong></span> <span class='ocrx_word' id='word_1_231' title='bbox 2521 3936 2530 3945; x_wconf 85' lang='lat'>.</span> 
     </span>
    </p>
   </div>
  </div>
 </body>
</html>
