2792 5167
1019 531 1118 559 “-
1160 523 1360 592 57--δ

260 695 460 761 quam
522 681 676 750 adeo
739 685 918 754 rudes
938 731 962 767 ‚
985 665 1228 754 'omnes
1270 705 1474 757 autem
1500 735 1524 771 ‚
1570 692 1935 771 proeedmte
1981 709 2107 760 usu
2184 725 2195 734 =

255 808 332 862 et
390 802 877 885 consuetudine,
918 804 1154 887 quibus
1220 805 1471 890 quidem
1527 807 1706 873 Deus
1757 806 1910 875 favit
1933 857 1958 890 ‚
1995 811 2112 877 mi-

264 935 410 984 rum
472 920 538 987 in
591 922 834 988 modum
874 922 1311 1007 proficientes,
1372 923 1465 989 uti
1540 937 1606 991 et
1661 923 1905 991 sibimet
1959 926 2111 1010 ipsis

263 1045 336 1098 et
389 1035 648 1104 caete-is
691 1036 999 1104 videntur.
1089 1036 1162 1104 Id
1221 1052 1431 1105 autem
1464 1037 1670 1119 liquet
1697 1083 1722 1132 ⁵.
1763 1056 1801 1103 a
1839 1056 1941 1105 me
1976 1039 2119 1105 illos

255 1147 414 1215 nihil
465 1169 759 1234 umquam
814 1152 1153 1234 didicisse,
1194 1155 1307 1221 sed
1341 1155 1521 1238 ipsos
1557 1173 1671 1238 per
1715 1169 1919 1222 semet
1947 1153 2126 1239 ipsos

249 1266 452 1333 multa
501 1281 571 1334 et
627 1271 940 1352 praeclara
1008 1268 1326 1336 invenisse
1381 1285 1573 1352 atque
1632 1269 1700 1335 in
1767 1289 1841 1337 se
1894 1270 2125 1338 habere

243 1384 620 1451 recondita:
667 1384 1203 1450 obstetricationis
1252 1399 1462 1451 autem
1513 1387 1713 1453 Deum
1748 1401 1812 1453 et
1844 1406 1945 1455 me
1977 1407 2126 1456 auc-

241 1511 468 1576 ,torem
505 1503 717 1567 'esset
762 1500 935 1582 quod
990 1498 1133 1567 hinc
1183 1501 1449 1569 maxime
1479 1517 1670 1585 patet.
1755 1504 1952 1571 Multi
1994 1508 2119 1591 jam

249 1616 384 1682 hoc
426 1614 791 1702 ignorantes
840 1631 906 1683 et
954 1633 1150 1684 semet
1186 1617 1368 1703 ipsos
1412 1619 1801 1703 increpantes
1825 1669 1850 1703 ,
1874 1640 1976 1689 me
2014 1643 2126 1689 au·

243 1748 374 1800 tem
437 1748 962 1814 contemnentes,
1005 1737 1106 1801 vel
1147 1736 1269 1820 ipsi
1323 1754 1439 1820 per
1480 1755 1668 1819 sese,
1710 1739 1811 1805 vel
1856 1738 1935 1804 ab
1977 1738 2116 1806 aliis

239 1852 550 1932 adducti,
609 1851 844 1934 citius,
889 1872 1071 1935 quam
1118 1867 1410 1938 parerat
1438 1900 1463 1936 ,
1517 1853 1848 1921 abierunt:
1893 1855 2119 1922 remoti

237 1980 450 2036 autem
490 1988 533 2035 a
575 1986 679 2035 me
694 2015 719 2050 ‚
762 1987 904 2035 cum
959 1963 1337 2035 caeterorum
1377 1982 1645 2052 propter
1678 1986 1931 2052 pravam
1964 1986 2116 2035 con·

239 2087 642 2155 suetudinem
697 2085 984 2152 abortum
1048 2083 1375 2166 fecerum,
1433 2100 1569 2153 tum
1620 2102 1724 2165 en,
1773 2103 1934 2167 quae
1989 2104 2111 2171 ego

245 2200 617 2270 obstetricia
676 2219 801 2287 ope
857 2220 937 2269 ex
991 2201 1068 2269 iis
1119 2204 1503 2286 protuleram
1527 2247 1552 2282 ‚
1638 2203 1799 2268 male
1867 2204 2109 2270 alentes

243 2320 658 2406 perdiderunt
673 2367 700 2401 ‚
774 2318 929 2385 falsa
970 2333 1033 2386 et
1089 2319 1411 2384 simulacra
1450 2318 1711 2402 majoris,
1758 2318 2063 2384 habentes
2083 2364 2110 2399 ,

237 2457 430 2522 quam
499 2456 644 2504 vera
666 2482 690 2517 ‚
732 2436 961 2520 pretiiz
1007 2436 1386 2518 tandemque
1419 2432 1490 2498 hi
1551 2446 1616 2497 et
1670 2431 1917 2498 sibimet
1961 2432 2117 2515 ipsis

237 2568 305 2622 et
354 2547 654 2621 caeteris'
692 2552 880 2617 rudes
939 2548 1064 2636 visi
1122 2565 1296 2617 sunt.
1428 2550 1716 2635 Quorum
1774 2568 1940 2616 unus
1992 2548 2119 2618 fuit

244 2670 574 2738 Aristides
609 2665 975 2752 Lysimachi
1014 2661 1185 2731 filius
1224 2680 1287 2732 et
1321 2665 1577 2749 plurimi
1611 2666 1757 2731 aliiz
1805 2685 2075 2748 quorum
2092 2714 2118 2747 ,

244 2788 305 2855 si
375 2786 639 2871 quando
683 2783 945 2850 redeunt
994 2783 1071 2850 ad
1122 2800 1224 2849 me
1244 2829 1269 2863 ,
1330 2795 1695 2866 expetentes
1744 2800 2120 2868 congressus
2201 2847 2219 2857 ,

243 2925 430 2974 meos
504 2917 698 2986 atque
777 2916 850 2968 ut
918 2900 1241 2966 obtineant
1311 2899 1468 2966 nihil
1538 2880 1703 2967 non⁸
1736 2899 2117 2986 molientes,

239 3022 571 3093 nonnullis
645 3039 848 3088 meum
924 3037 1025 3085 me
1082 3018 1470 3085 daemonium
1532 3018 1835 3089 interesse
1898 3019 2115 3102 prohi-
2179 3031 2193 3044 ·

244 3144 393 3224 bet,
440 3138 577 3207 aliis
627 3137 816 3206 sinit:
862 3136 926 3201 hi
972 3149 1175 3202 autem
1229 3150 1360 3201 tum
1415 3134 1714 3201 continuo
1764 3134 2108 3219 proficiunt

242 3261 482 3328 denuo·
582 3257 730 3323 Hoc
785 3272 939 3321 vero
997 3253 1176 3319 etiam
1228 3271 1371 3318 cum
1432 3251 1921 3334 parturientibus
1968 3251 2112 3318 foe-

252 3375 443 3440 minis
495 3389 824 3439 commune
885 3369 1120 3436 habent
1178 3367 1289 3451 qui
1341 3385 1446 3433 me
1497 3382 1767 3433 utuntur
1791 3387 1813 3432 ε
1894 3381 2113 3449 partus

265 3491 592 3558 doloribus
670 3491 946 3557 liberant
1024 3501 1090 3555 et
1164 3500 1388 3553 noctes
1460 3499 1651 3567 atque
1711 3481 1849 3547 dies
1914 3480 2113 3567 magis

1931 3597 2114 3668 etiam

256 3826 361 3868 vu
383 3849 404 3875 ,
469 3799 602 3862 tvae·
643 3807 746 3876 μὲν
788 3804 882 3861 καὶ
922 3804 1070 3860 πάνυ
1113 3795 1353 3871 ἀμαθεῖς
1375 3840 1391 3864 ,
1453 3798 1668 3864 πάντες
1702 3792 1765 3854 δε
1813 3818 1891 3841 ·-
1942 3792 2117 3853 Exci-

249 3911 396 3968 diue
453 3905 704 3964 nonnihil
755 3906 986 3962 videtur.
1085 3903 1254 3956 Forte
1318 3902 1536 3970 scripoit
1591 3909 1781 3955 auctor
1830 3889 1963 3960 ἴνίοι
2006 3906 2113 3973 μὴ

257 4017 355 4076 σῦκ
388 4014 659 4088 tendite,-
679 4059 698 4084 ,
738 4013 913 4078 lma
946 4009 1010 4074 δᾶ
1047 4013 1146 4071 nal
1188 4008 1339 4070 πάνυ
1378 4005 1645 4084 ὶμιθσΐς,
1685 4010 1903 4086 πάντες
1939 4005 2002 4069 3·
2030 4031 2113 4054 -

254 4116 346 4174 sie
379 4114 536 4176 verti.
2000 4133 2013 4148 ¹
