2792 5167
994 565 1089 605 -v
1136 546 1382 616 105-—

238 718 429 792 hmc·
465 713 755 783 oei-nendi
802 713 1233 798 iungendique
1278 710 1642 783 methodum
1700 700 2111 803 ω’·δσρῆἑέἑά
2161 700 2174 719 “

237 850 311 901 et
364 833 633 901 Politice
686 829 983 914 exposuit
1056 830 1264 898 Plato.
1351 826 1458 898 De
1513 828 1719 916 primo
1754 824 1945 914 hujus
2002 827 2117 893 tri·

242 949 457 1035 logiae
503 948 749 1033 dialogo
802 947 929 1032 iam
990 946 1303 1013 diximus:
1369 945 1646 1013 ooeurrit
1683 946 1751 1013 in
1804 961 1883 1012 eo
1928 936 2116 1010 nobis

245 1065 635 1135 Theaetetus
656 1112 683 1148 ‚
741 1062 1133 1148 philosopha
1189 1062 1557 1135 adolescens
1619 1060 1837 1130 indole
1877 1061 2121 1146 praeei-

233 1193 341 1253 tus
364 1226 392 1263 ‚
435 1180 550 1247 cui
614 1180 904 1247 Socrates
961 1181 1267 1248 continuo
1309 1180 1744 1264 quaestionem
1761 1227 1790 1263 ,
1831 1179 1988 1262 quid
2032 1178 2123 1243 sit

227 1296 503 1369 scientia
526 1344 553 1380 ,
619 1295 928 1383 proponit
948 1344 975 1380 ‚
1037 1313 1111 1364 ut
1130 1345 1157 1380 ‚
1223 1318 1383 1381 quae
1418 1299 1637 1371 insunt
1680 1290 1823 1384 ejus
1860 1293 2120 1382 ingenio·

231 1428 565 1500 tamquam
630 1413 851 1481 foetus
872 1460 900 1496 ‚
959 1433 1106 1485 cum
1148 1431 1330 1479 veras
1355 1459 1380 1495 ,
1431 1415 1581 1478 ‘tum
1639 1408 1828 1480 falsas
1876 1414 2122 1498 pmeju-
2189 1486 2204 1507 ,

233 1531 619 1613 dicatasque
685 1530 1023 1613 opiniones
1062 1528 1265 1595 eliciat
1287 1577 1314 1612 ‚
1353 1528 1492 1595 illas
1532 1531 1764 1614 probet
1830 1532 2130 1613 alatque]

238 1647 362 1715 Ins
422 1644 667 1731 rejiciat
747 1664 821 1712 ao
901 1646 1102 1712 deleat
1125 1692 1151 1728 ‚
1204 1642 1350 1729 ‘q'uo
1403 1644 1606 1731 magis
1662 1645 1740 1711 iis
1800 1645 2130 1712 h‘beratum

237 1761 675 1833 adolescentis
746 1761 1067 1846 ingenium
1089 1808 1115 1844 ‚
1176 1760 1346 1829 recte
1406 1762 1700 1847 deinceps
1758 1748 1825 1830 et
1895 1763 2132 1848 cogitet

242 1894 318 1948 et
364 1879 639 1966 judicet.
724 1878 800 1945 Ν
800 1895 885 1944 on
938 1877 1231 1944 scientiae
1300 1878 1445 1947 data
1489 1883 1679 1963 opera
1739 1878 2131 1948 definiendae

238 2010 472 2067 caussa
533 2012 852 2067 sermones
897 1994 992 2061 ilii
1033 1997 1386 2079 procedunt
1406 2042 1432 2078 ‚
1475 1992 1589 2063 sed
1627 1997 1741 2062 illo
1790 1997 2129 2081 proposito

236 2112 618 2201 praesertim
641 2157 667 2194 ‚
728 2126 806 2179 ut
857 2130 970 2179 ars
1021 2111 1359 2192 quaerendi
1416 2111 1970 2196 interrogandique
2016 2113 2138 2179 So·

248 2230 491 2319 ennea
509 2274 536 2310 ,
576 2226 834 2293 omnino
865 2228 1129 2313 ἔλεγχος
1165 2227 1305 2297 sive
1348 2233 1669 2310 μαιευτικῆ
1712 2228 1778 2293 in
1823 2230 1968 2295 luce
2018 2249 2140 2313 po-

245 2359 467 2429 natur.
555 2343 949 2413 simillimum
1025 2344 1353 2433 &plastae
1401 2359 1469 2411 et
1506 2345 1766 2412 Politia?
1783 2392 1811 2426 ‚
1855 2345 1935 2411 de
2000 2345 2144 2429 qui-

246 2465 375 2533 bus
444 2462 823 2550 jm1nobis
882 2463 1187 2548 agendum
1214 2510 1240 2546 ‚
1316 2482 1463 2529 cum
1522 2460 1924 2548 propositum
1997 2475 2135 2529 tum

245 2595 698 2671 argumentum
758 2594 885 2649 eet.
990 2578 1165 2645 Idem
1223 2578 1291 2644 in
1358 2580 1441 2643 iis
1497 2580 1771 2646 occurrit
1826 2579 2139 2647 Theaete-

250 2714 365 2769 tus
389 2720 415 2769 ε
461 2696 695 2765 adsunt
750 2695 903 2762 item
940 2694 1173 2780 pariter
1224 2693 1524 2762 Socrates*
1574 2710 1641 2764 et
1704 2696 2134 2780 Theodorus3

252 2817 373 2884 sed
432 2813 679 2881 accedit
726 2812 968 2896 hospes
1024 2811 1252 2894 aliquis
1294 2813 1597 2896 Eleates,
1642 2814 1756 2898 qui
1792 2812 1886 2879 sic
1943 2813 2141 2883 inter·

255 2931 555 3019 rogando
604 2942 803 2998 artem
860 2927 1150 2996 cernendi
1219 2920 1649 3016 jungendiqne
1698 2925 2001 3015 declarat,
2065 2945 2142 2999 ut

248 3051 623 3138 mmm
679 3059 861 3114 antea
917 3046 1328 3115 declaraverat
1395 3047 1713 3118 Socrates.
1800 3051 2140 3135 Ingressus

245 3167 483 3256 iginit‘
534 3163 928 3239 Theodorus
952 3211 979 3246 ‚
1034 3165 1133 3230 uti
1197 3166 1333 3232 heri
1354 3214 1379 3248 ‚
1470 3167 1685 3250 inquit
1709 3211 1735 3247 ‚
1801 3150 1966 3233 inter
2022 3182 2164 3235 nos.

248 3281 565 3355 convenit
588 3329 615 3365 ,
678 3298 824 3349 cum
885 3280 1010 3365 ipsi
1053 3282 1176 3348 huc
1233 3282 1518 3350 redimus
1537 3331 1562 3367 ,
1609 3294 1748 3375 tum
1808 3285 1982 3351 hunc
2040 3285 2149 3349 ad·

262 3401 557 3471 ducimus
615 3398 935 3483 hospitem
978 3398 1305 3481 Eleatem,
1340 3400 1575 3473 ,virum
1619 3392 1810 3483 plane
1863 3398 2153 3479 philoso-

271 3516 497 3602 phum.
608 3517 905 3585 Socrates
961 3532 1106 3585 eum
1163 3517 1323 3583 mira
1380 3515 1692 3582 continuo
1753 3511 2152 3598 urbanitate,·

268 3650 395 3703 nec
456 3649 625 3721 vero·
658 3632 799 3699 sine
836 3632 1040 3699 ironia
1085 3631 1346 3718 excipit.
1439 3631 1631 3698 Tune
1657 3634 1859 3712 'vei-o,
1902 3627 2151 3718 inquit3

282 3745 686 3829 Theodose,
744 3765 874 3813 non
921 3745 1278 3831 hospitem,
1321 3749 1437 3815 sed
1476 3749 1688 3813 Deum
1734 3743 1922 3830 forte
1941 3766 2159 3832 quem·

286 3863 431 3941 dam
492 3862 731 3931 inscius
790 3865 1135 3933 secundum
1191 3864 1542 3931 Homerum
1580 3864 1658 3930 ad
1705 3860 1832 3933 no's
1871 3867 2157 3936 duxisti?

294 3977 475 4053 Dicit
539 3979 701 4046 enim
763 3981 916 4064 ille,
959 4000 1104 4047 cum
1155 3980 1315 4047 alios
1362 3981 1540 4048 Deos
1594 3983 1955 4077 hominibus
1976 4031 2014 4075 ,Ι
2049 3983 2165 4066 qui

279 4094 550 4184 quidem
595 4097 755 4184 justi
810 4098 1074 4185 pudoris
1114 4096 1457 4188 participes
1511 4076 1660 4183 sunt
1683 4149 1708 4185 ,
1798 4114 1934 4168 tum
1988 4092 2164 4175 Hos-

2043 4232 2174 4300 ,pb
