2792 5167
185 634 369 703 velle
419 630 688 699 dicebat.
731 627 813 697 (¹)
921 629 1022 694 Fit
1082 629 1207 710 ita,
1257 646 1329 695 ut
1372 646 1497 695 nos
1542 626 1670 697 fere
1712 627 1788 692 de
1831 627 1948 694 Dei
1993 642 2088 692 at·

189 748 474 817 tributis
537 760 833 829 agentcS,
898 744 1233 811 bonitatem
1314 744 1431 812 Dei
1518 745 1595 810 de
1664 742 2086 808 munificentia

189 846 587 950 ejusanue
631 864 943 927 hominem
984 866 1306 928 voluntate
1343 862 1742 946 accipiamus.
1815 863 1898 927 Et
1921 875 2087 927 recte

186 1000 335 1049 nos
374 981 650 1063 quidem.
683 979 766 1047 (²)
844 979 1293 1046 Verumtamen
1337 996 1433 1044 est
1472 980 1586 1044 alia
1627 979 1770 1043 item
1812 980 2087 1063 ejusdem

190 1100 389 1167 vocis
448 1098 588 1178 νίε,
661 1097 769 1162 ubi
838 1099 914 1164 de
983 1097 1258 1162 bonitate
1319 1116 1386 1161 v·
1427 1116 1486 1161 c.
1534 1098 1811 1181 ingenii,
1875 1098 2087 1177 vocis,

189 1237 509 1295 caussae,
555 1215 854 1281 similium
900 1214 1166 1297 agimus.
1248 1213 1573 1296 Significat
1622 1214 1703 1278 ita
1752 1212 1838 1278 rei
1878 1216 2086 1280 vinu·

190 1350 330 1400 tem
356 1379 380 1412 ,
433 1338 943 1420 praestandam,
1002 1334 1467 1418 perfectionem.
1578 1330 1652 1395 Id
1713 1330 1807 1396 sic
1868 1330 2080 1397 tradu-

193 1448 475 1515 cendum
511 1450 588 1514 ad
625 1447 891 1515 divinam
924 1463 1202 1511 naturam
1235 1464 1372 1526 est,
1411 1461 1483 1511 ut
1515 1447 1846 1528 moralem,
1893 1466 2079 1529 quam

194 1585 330 1633 nos
401 1584 739 1645 vocamuS,
801 1562 1183 1644 bonitatem,
1251 1565 1298 1631 i.
1343 1583 1401 1627 e.
1449 1562 1740 1628 virtutem
1788 1583 2088 1630 summam

196 1679 679 1766 perfectamque
766 1681 1233 1763 intelligamus,
1321 1700 1581 1763 eamque
1637 1698 1767 1745 non
1835 1683 2088 1762 minus,

200 1819 398 1882 quam
441 1798 826 1863 clementiam
874 1816 937 1864 et
982 1797 1422 1877 benignitatem
1449 1841 1474 1878 ,
1536 1800 1612 1862 ad
1659 1798 1776 1863 Dei
1820 1798 2084 1863 attribu-

207 1935 325 1995 ta,
394 1914 516 1979 imo
577 1934 726 1979 vero
780 1917 854 1979 ad
899 1914 1147 1980 divinae
1191 1929 1444 1980 naturae
1487 1919 1686 1984 οὐσίαν
1727 1913 2086 1981 referamus.

204 2032 282 2097 ld
345 2031 588 2096 scilicet
650 2032 1035 2114 intelligebat
1102 2032 1354 2097 divinus
1419 2032 1662 2096 divinae
1703 2046 1956 2098 naturae
1994 2033 2091 2097 in-

205 2162 507 2230 terpres,
572 2168 766 2230 quum
824 2149 1087 2232 juveni,
1148 2150 1254 2231 qui
1322 2149 1530 2231 ipsum
1575 2149 1815 2231 vulgari
1855 2150 2094 2215 ratione

201 2266 439 2329 bonum
502 2268 876 2349 magistrum
943 2266 1402 2347 appellaverat,
1486 2266 1640 2332 illud
1705 2268 2086 2349 reponebat:

205 2385 293 2450 ‘ri
346 2410 437 2466 με
493 2384 699 2463 λέγεις
755 2388 1022 2465 ἁγαθὸν3
1107 2386 1289 2460 οὐδεὶς
1327 2387 1597 2466 ἀγαθὸς,
1660 2389 1711 2454 εἷ
1745 2387 1833 2468 μὴ
1874 2384 2001 2464 εἷς,
2059 2391 2090 2454 ὅ

184 2500 384 2576 θεός.
419 2495 505 2566 (5)
612 2499 736 2564 Sed
773 2518 891 2564 nos
929 2500 1006 2564 de
1045 2502 1240 2566 altero
1287 2499 1433 2565 item
1477 2500 1751 2567 Platonis
1795 2505 1924 2587 περὶ
1975 2508 2098 2572 oso·

213 2620 433 2696 λογίοις
477 2619 647 2701 τύπῳ
692 2616 1044 2684 videamus.

300 2733 515 2799 Bonus
572 2732 765 2817 igitur
813 2736 987 2800 Deus
1031 2750 1172 2814 est,
1221 2734 1307 2798 ait
1343 2735 1683 2814 Socrates,
1730 2734 1910 2815 eique
1946 2753 2097 2801 con·

218 2846 400 2912 traria
470 2864 618 2913 sunt
665 2868 1073 2931 quaecunque
1126 2866 1245 2914 nos
1285 2850 1460 2914 mala
1504 2868 1724 2915 vocare
1776 2853 2095 2921 solemus:

224 2965 451 3031 borum
520 2966 802 3031 homines
867 2980 1155 3031 auctores
1215 2965 1609 3032 existimandi
1680 2982 1876 3050 sunt,
1925 2970 2099 3035 Deus

225 3100 352 3146 non
395 3098 620 3148 auctor
663 3100 782 3149 cst.
870 3083 1043 3169 Quid
1106 3104 1253 3149 vero
1314 3086 1630 3149 secundus
1689 3085 1789 3149 hic
1857 3089 2098 3164 τύπςῗ

139 3251 145 3259 .
226 3197 398 3263 Num
452 3199 764 3264 existimas
806 3200 1332 3283 praestigiatorem
1382 3220 1519 3265 esse
1563 3204 1818 3282 Deum,⁸
1849 3222 1949 3282 et,
1995 3224 2102 3269 ve-

228 3313 343 3379 luti
380 3335 461 3380 cx
500 3314 782 3396 insidiis,
824 3294 972 3382 alias
1021 3318 1134 3383 alia
1178 3319 1297 3382 sub
1348 3318 1556 3399 specie
1596 3320 1939 3399 apparere?
2024 3340 2102 3384 an

232 3438 379 3486 vcro
422 3422 769 3504 simplicem
800 3442 937 3487 esse
975 3424 1189 3506 potius
1234 3424 1606 3506 minimeque
1647 3424 1923 3490 omnium
1960 3446 2104 3509 spe-

1949 3561 2104 3609 c1em

307 3737 391 3808 (ι)
431 3738 553 3819 Cic.
592 3746 654 3790 de
691 3741 831 3790 Nae.
870 3742 1042 3791 Deor.
1079 3739 1192 3795 111.
1227 3740 1312 3793 3⁴.
1386 3740 1469 3809 (a)
1510 3739 1700 3808 Nuper
1725 3741 1792 3796 de
1813 3740 2095 3808 hocloco,

243 3823 297 3876 iu
330 3829 478 3879 omui
517 3827 783 3897 theologia
819 3830 1170 3896 gravissimo,
1206 3830 1419 3896 elegans
1452 3832 1594 3898 apud
1628 3846 1728 3885 nos
1758 3833 1965 3899 prodiit.
1986 3834 2108 3885 dis·

246 3916 469 3983 quinitio
512 3917 566 3972 J.
592 3918 660 3970 H.
687 3916 998 3971 §choltenit
1041 3920 1105 3970 de
1124 3921 1237 3971 Dei
1257 3936 1395 3989 erga
1416 3919 1693 3972 hominem
1715 3940 1919 3975 amore.
1955 3922 2106 3993 'fraj-

247 4005 307 4055 ad
330 4003 437 4060 Rh.
475 4007 630 4063 2836.
753 4006 835 4079 (5)
871 4010 1102 4077 Euang.
1124 4010 1311 4062 Lucae
1332 4005 1561 4064 xvln.
1583 4024 1667 4078 19.
