2792 5167
1391 504 1784 568 ...rofi-.-

669 684 731 752 ai
776 700 879 750 me
952 697 1121 748 nunc
1192 679 1446 764 quidem
1505 680 1626 746 tibi
1675 679 2113 748 assentientem
2179 679 2524 760 habueris,

666 811 884 884 postea
938 815 1093 864 vero
1149 814 1281 863 non
1345 798 1497 864 haec
1553 797 2028 881 deprehenderis
2071 811 2401 883 agentem,
2443 797 2534 863 de

669 915 903 999 quibua
995 914 1478 994 consensimus,
1554 912 1880 997 stupidum
1965 930 2068 979 me
2141 913 2328 995 plane
2382 930 2525 980 ease

666 1032 994 1113 existima,
1026 1023 1140 1100 ne'c
1199 1050 1490 1115 umquam
1545 1047 1648 1096 me
1679 1028 2018 1114 deinceps,
2101 1031 2340 1114 quippe
2382 1049 2542 1115 per«

669 1150 869 1217 ditum
910 1148 1223 1216 hominem
1248 1196 1273 1231 ,
1316 1165 1504 1214 mnne
1543 1146 1789 1213 iterum.
1879 1145 2005 1211 Sed
2035 1145 2112 1211 ab
2150 1146 2341 1211 initio
2385 1164 2536 1213 rem·

674 1280 1052 1352 repetamus.
1096 1264 1160 1312 <¹³
1545 1279 1554 1290 ·

756 1386 931 1453 Haec
981 1385 1269 1452 socrates
1336 1363 1616 1466 ironiam
1679 1383 1790 1450 sed
1848 1382 2009 1452 idem
2051 1381 2359 1466 deinceps
2419 1399 2532 1449 se-

674 1501 772 1569 rio
814 1516 880 1569 et
936 1522 1059 1587 pro
1114 1501 1463 1587 argumenti
1502 1499 1802 1585 gravitate
1842 1499 2209 1567 sententiam
2243 1498 2540 1583 aperiens¹

675 1635 851 1686 suam
874 1666 901 1701 ‚
953 1620 1044 1685 sic
1100 1615 1378 1685 veritatis
1426 1615 1880 1700 justitiaeque,
1919 1615 2076 1681 adde
2126 1629 2191 1680 et
2243 1615 2538 1699 philoso-

674 1734 908 1818 phiae,
948 1751 1232 1799 caussam
1293 1731 1469 1816 agit,
1533 1746 1657 1813 ut,
1700 1749 1883 1814 quam
1943 1747 2135 1798 vanae
2194 1731 2326 1797 siut
2373 1730 2542 1798 isto·-

673 1870 819 1918 rum
879 1848 1201 1917 hominum
1260 1848 1730 1928 cavillationes,
1795 1866 1986 1930 quam
2024 1861 2242 1915 contra
2280 1846 2535 1933 gravis,

679 1982 947 2050 quantae
988 1967 1054 2032 in
1107 1966 1359 2032 civimte
1402 1963 1787 2030 auctoritatis
1850 1965 1955 2029 illa
1983 1965 2361 2052 ‘eloquentia
2396 1964 2530 2043 sit,

674 2100 833 2163 quae
883 2100 1031 2145 cum
1086 2078 1527 2162 philosophiae
1583 2078 1670 2143 sit
1709 2077 1921 2142 studio
1975 2079 2349 2162 conjuncta,
2390 2080 2538 2147 cui·

669 2196 773 2264 vis
825 2197 1187 2281 persuadeat
1223 2192 1430 2261 facile.
1517 2193 1680 2261 Nam
1716 2209 2056 2276 postquam
2096 2196 2189 2260 sic
2236 2196 2536 2263 Socrates

675 2316 869 2401 hujus
924 2313 1049 2410 viri·
1090 2311 1451 2395 sapientiam
1476 2357 1500 2391 ‚
1542 2309 1958 2390 admirabilem
2015 2304 2256 2379 scilicet
2309 2314 2476 2380 inam
2504 2360 2536 2393 ‚

680 2432 943 2498 summis
993 2429 1278 2497 laudibus
1336 2429 1643 2494 extulerat
1661 2473 1686 2507 ‚
1730 2427 1808 2492 ad
1848 2427 2006 2492 hanc
2067 2445 2211 2494 eum
2264 2430 2542 2497 necessi·

685 2564 874 2616 tatem
933 2545 1373 2630 interrogando
1417 2543 1588 2630 cogit
1607 2590 1632 2625 ‚
1696 2558 1768 2608 ut
1810 2544 2030 2610 decere
2083 2543 2353 2612 fateatur
2402 2565 2552 2613 ora-2

686 2681 860 2732 tores
883 2710 908 2745 ‚
962 2663 1251 2731 meliores
1308 2661 1574 2729 dicendo
1632 2659 1879 2727 efficere
1917 2662 2128 2728 cives.
2237 2663 2364 2730 Ars
2421 2684 2544 2731 no-

680 2780 828 2863 bis,
888 2779 1020 2861 ait,
1067 2776 1132 2826 ⁰>
1191 2778 1356 2844 haud
1445 2778 1577 2844 visa
1629 2792 1727 2844 est
1795 2796 1893 2844 res
1960 2780 2367 2861 coquinariaz
2441 2797 2546 2849 est

685 2898 850 2964 enim
891 2900 1169 2981 ἐμπόρια
1227 2894 1527 2975 quaedam
1549 2941 1574 2975 ,
1655 2898 1916 2982 ἄτεχνος
1974 2902 2196 2981 unffi:
2261 2899 2372 2965 sed
2415 2899 2539 2964 hoe

685 3016 931 3080 demum
973 3009 1120 3075 artis
1159 3009 1417 3078 nomine
1456 3010 1763 3077 mediolan
1806 3013 2063 3080 dicenda
2117 3027 2254 3095 est,
2299 3014 2543 3098 quippe

688 3143 848 3210 quae
903 3126 1087 3210 cujus
1138 3143 1347 3191 curam
1390 3127 1622 3209 habet,
1665 3128 1945 3213 ejusdem
1987 3107 2050 3197 et
2106 3146 2382 3200 naturam
2428 3151 2546 3197 ex·

686 3245 893 3331 plorat
937 3259 1005 3311 et
1056 3262 1311 3312 caussas
1360 3245 1585 3330 agendi
1643 3247 1961 3329 exquirit,
2023 3262 2085 3312 et
2139 3248 2358 3312 horum
2400 3266 2544 3314 om—

691 3364 866 3436 nium
921 3360 1189 3429 rationes
1231 3361 1355 3427 sibi
1405 3363 1658 3430 reddere
1694 3365 1947 3448 potest:
1998 3365 2188 3430 altera
2228 3381 2379 3431 veno
2435 3365 2548 3433 illa
2681 3414 2692 3424 .

690 3482 919 3552 horum
979 3477 1141 3547 nihil
1198 3478 1470 3563 inquirit
1490 3526 1515 3561 ‚
1559 3480 1798 3567 quippe
1859 3482 2042 3549 unice
2096 3483 2410 3566 voluptati
2451 3481 2551 3551 in·

695 3596 1002 3668 serviens.
1118 3596 1241 3663 Sed
1299 3596 1487 3677 vide,
1571 3616 1724 3664 num
1787 3600 1915 3666 sint
1962 3601 2260 3684 quaedam
2304 3601 2555 3670 alissi-

692 3712 862 3777 milia
935 3714 1185 3795 studia,
1228 3731 1389 3796 quae
1433 3732 1585 3781 vero
1629 3734 1758 3781 non
1795 3735 2080 3802 corpus,
2125 3720 2252 3786 sed
2276 3723 2547 3786 animum

694 3843 1037 3915 spectant,
1108 3832 1329 3918 partim
1384 3847 1532 3899 cum
1590 3848 1722 3901 arte
1780 3838 2115 3922 conjuncta
2140 3881 2164 3918 ‚
2233 3852 2311 3904 ut
2363 3835 2552 3902 animi

2455 3967 2556 4018 sa·

767 4075 1581 4158 (=)G·r3-⁴8⁶n.-480»
1618 4087 1681 4142 n.
1822 4075 1910 4163 (2)
1946 4086 2270 4158 σωρευο-
2310 4083 2379 4138 n.
