2792 5167
1548 451 1895 532 -98—

793 657 924 722 quo
993 635 1244 721 plenius
1311 633 1376 697 id
1458 631 1872 716 intelligamus
1894 676 1919 710 ,
2003 648 2137 713 quo
2201 630 2651 715 perspiciamus

794 753 1061 824 interius
1084 798 1109 832 ,
1154 765 1317 832 quae
1362 746 1442 813 de
1486 746 1761 812 Platonis
1810 746 2117 813 sententia
2171 763 2312 812 vera
2348 748 2656 828 eloquen-

772 870 928 950 da,
973 866 1129 952 quid
1169 864 1428 931 omnino
1481 861 1546 929 in
1587 863 1727 947 ipsa
1763 863 2128 947 eloquentia
2170 884 2490 932 summum
2531 866 2662 947 sit,

793 986 897 1052 vis
954 984 1139 1051 nobis
1187 979 1628 1067 philosophiae
1666 980 1744 1046 ad
1798 980 1960 1047 bene
1999 980 2328 1047 dicendum
2385 1000 2471 1049 ex
2507 981 2667 1066 ipsis

801 1100 1238 1186 philosophiae
1293 1094 1615 1182 principiis
1665 1097 2025 1163 declaranda
2081 1114 2215 1164 est:
2279 1100 2397 1166 erit
2446 1093 2672 1166 autem'

800 1220 941 1306 ipse
992 1218 1177 1286 nobis
1230 1217 1449 1296 Plato,
1493 1214 1560 1281 in
1597 1215 1707 1280 hac
1758 1214 2114 1299 praesertim
2159 1213 2668 1297 disquisitione,

806 1337 936 1405 dux
999 1350 1065 1402 et
1116 1333 1410 1420 magister
1465 1333 1766 1418 optimus.

888 1453 1054 1519 Nam
1092 1465 1168 1518 ut
1204 1451 1526 1537 Apologia
1579 1450 1682 1518 ille
1719 1448 2044 1517 scribenda
2065 1495 2090 1530 ,
2132 1448 2462 1530 scribendo
2510 1447 2663 1515 item

813 1570 1176 1638 Menexeno
1200 1617 1226 1652 ,
1288 1571 1639 1652 exemplum
1690 1568 1863 1634 dedit
1919 1585 2102 1634 sanae
2148 1566 2678 1650 incorruptaeque

800 1687 1193 1770 eloquentiae
1212 1732 1236 1766 ‚
1280 1684 1367 1750 ita
1429 1685 1492 1750 in
1531 1684 1814 1750 Phaedro
1854 1684 2345 1768 praesertimque
2381 1684 2451 1752 in
2498 1683 2673 1750 Gor·

780 1800 904 1886 ‚gia
960 1818 1041 1868 ex
1113 1799 1332 1866 intima
1402 1799 1810 1884 philosophia
1879 1777 2280 1883 eloquentiae
2356 1798 2676 1884 principia

807 1918 1010 1987 duxit.
1095 1918 1171 1984 In
1219 1917 1458 2003 Gorgia
1497 1932 1705 1984 autem
1754 1916 1895 1985 data
1936 1919 2128 2001 opera
2170 1914 2675 1996 demonstravit,

804 2035 926 2101 nisi
964 2034 1121 2100 insit
1161 2033 1391 2099 oratori
1441 2033 1891 2117 philosophia,
1933 2032 2461 2115 propositumque
2507 2029 2565 2095 is
2609 2030 2679 2095 in

802 2149 1064 2216 dicendo
1125 2149 1341 2215 habeat
1397 2167 1689 2232 magnum
1713 2195 1737 2228 ‚
1779 2149 2162 2231 praeclarum
2219 2146 2526 2229 tantaque
2579 2167 2680 2213 ar·

784 2280 869 2332 :te
925 2265 1182 2351 dignum
1203 2311 1228 2345 ,
1301 2265 1504 2331 levem
1573 2263 1942 2347 inanemque
1994 2282 2135 2330 esse
2156 2310 2181 2344 ,
2268 2265 2424 2347 quin
2475 2264 2670 2331 etiam

790 2380 1105 2467 abjectam
1154 2395 1218 2446 et
1267 2379 1511 2446 civitati
1561 2380 1976 2463 perniciosam
2048 2381 2466 2463 eloquentiam
2535 2400 2681 2446 om-

812 2517 979 2565 nem.
1068 2497 1291 2580 Itaque
1343 2513 1416 2563 ut
1457 2496 1757 2576 haberet,
1818 2515 2085 2580 quorum
2120 2497 2464 2564 sententiae
2498 2516 2674 2564 suam

792 2615 954 2698 ipse
1010 2614 1378 2682 sententiam
1425 2627 1778 2699 opponeret
1799 2661 1824 2695 ,
1866 2612 2181 2698 principes
2223 2616 2530 2698 quosdam
2571 2633 2678 2680 so·

811 2733 1057 2817 phistas
1112 2752 1260 2802 cum
1315 2732 1576 2799 Socrate
1615 2733 2059 2814 colloquentes
2117 2732 2358 2799 induxit
2382 2779 2407 2813 ,
2501 2731 2666 2798 Gor·

796 2850 1022 2933 -giam,
1086 2850 1353 2930 Polum,
1422 2849 1785 2930 Calliclem,
1843 2847 1953 2931 qui
2013 2867 2130 2915 nec
2180 2849 2310 2914 veri
2349 2867 2470 2916 nec
2520 2846 2674 2934 justi

814 2968 1003 3033 ullam
1065 2965 1358 3029 habentes
1421 2964 1720 3031 rationem
1748 3012 1771 3045 ‚
1815 2965 1991 3051 vulgi
2041 2967 2244 3031 solum
2286 2984 2494 3029 auram
2532 2984 2676 3047 cap-

804 3095 940 3147 tare
992 3079 1259 3145 dicendo
1322 3082 1673 3149 studerent.
1761 3082 1853 3148 Et
1899 3084 2166 3165 primum
2208 3081 2460 3165 quidem
2503 3080 2677 3148 Gor-

808 3194 973 3282 giam
1013 3195 1093 3262 de
1135 3195 1289 3262 artis
1333 3211 1553 3262 natura
1589 3198 1996 3265 disserentem
2031 3197 2205 3265 fecit.
2292 3197 2454 3263 Nam
2493 3209 2672 3279 post·

800 3332 1005 3398 :quam
1069 3331 1244 3379 more
1295 3333 1419 3379 suo
1475 3314 1762 3381 Socrates
1786 3363 1809 3396 ‚
1855 3315 2014 3399 quid
2051 3329 2214 3381 esset
2271 3310 2671 3393 eloquentia,

822 3432 1103 3516 quidque
1130 3429 1187 3497 is
1221 3430 1661 3516 profiteretur,
1711 3432 1823 3515 qui
1857 3451 1929 3499 se
1975 3434 2366 3513 eloquentem
2407 3430 2670 3505 diceret,

804 3550 1211 3633 quaesiverat
1233 3596 1258 3630 ,
1322 3550 1417 3615 sic
1495 3549 1764 3631 Gorgias
1818 3551 1897 3616 ad
1952 3551 2064 3617 has
2125 3548 2525 3632 quaestiones
2585 3561 2674 3612 re-

824 3668 1140 3748 spondet,
1185 3677 1257 3730 ut
1318 3684 1461 3731 esse
1526 3649 1704 3731 dicat*
1750 3681 1937 3732 artem
2001 3666 2243 3752 dicendi
2293 3670 2524 3743 πειθοῦς
2581 3665 2672 3738 δη·

802 3788 1097 3866 ‚mvpybv
1138 3784 1243 3865 (⁸³,
1275 3787 1695 3872 persuasionis
1732 3780 2130 3868 effectricem,
2175 3796 2457 3851 oratores
2477 3791 2672 3848 antem

2565 3909 2672 3973 aP‘

894 4025 976 4096 (ι)
1015 4025 1186 4095 Gorg.
1223 4030 1326 4083 ⁴53
1363 4033 1435 4085 A.
