2792 5167
763 647 1225 741 Ruhnkeni'us,
1270 643 1341 725 ut
1393 660 1459 724 in
1502 662 1636 745 ejus
1701 661 1852 725 Vita
1906 643 2155 742 scripsi.
2245 655 2425 726 Haud
2457 645 2587 741 'pero

755 776 1003 859 cipiunt
1042 797 1252 842 sontem
1296 774 1579 845 divinum
1618 778 1685 843 in
1737 779 2016 845 Homero
2038 822 2064 859 ,
2108 777 2173 842 in
2212 778 2501 857 Platone,
2536 776 2592 841 in

754 893 1090 962 Plutarcho
1114 940 1139 975 ,
1177 892 1412 977 quibua
1449 895 1516 961 id
1557 894 1820 961 maxime
1860 896 2109 978 placet,
2153 894 2330 976 quod
2379 875 2594 960 novum

752 1010 837 1075 sit
878 1024 941 1075 et
982 1011 1325 1093 praesentis
1360 1012 1686 1095 temporiS.
1733 1011 1954 1079 Surdis
1997 1027 2145 1077 sunt
2182 1011 2417 1078 similes
2439 1059 2460 1094 ‚
2501 1008 2598 1092 qui

760 1125 1037 1210 iudicare
1098 1123 1180 1192 de
1237 1126 1483 1195 m'usica
1529 1129 1783 1193 audent.
1871 1125 2124 1194 Festive
2183 1125 2303 1192 hos
2371 1144 2603 1209 compa·
2653 1099 2661 1117 ’

751 1260 886 1310 rate
931 1243 1174 1311 solebat
1212 1264 1358 1312 cum
1386 1262 1615 1328 specus
1654 1242 1962 1313 Platonici
2001 1243 2225 1309 incolis
2249 1287 2278 1325 ,
2335 1242 2446 1325 qui
2479 1260 2604 1308 um-

748 1360 897 1428 bras
948 1380 1155 1430 rerum
1203 1375 1557 1447 spectarent
1575 1409 1602 1445 ,
1641 1382 1743 1430 res
1777 1363 2131 1446 ignorarent
2151 1407 2180 1443 ‚
2234 1376 2296 1427 et
2347 1358 2607 1443 inquire-

746 1492 890 1546 rent
955 1493 1160 1546 tamen
1212 1478 1278 1545 in
1335 1477 1474 1545 illas
1533 1480 1755 1546 sedulo
1804 1495 1866 1547 et
1907 1479 2256 1562 diligenter.
2341 1476 2430 1547 Et
2470 1494 2607 1560 pro-

747 1596 921 1663 fecto
971 1597 1082 1679 qui
1141 1597 1487 1682 praesentis
1524 1598 1661 1665 aevi
1705 1597 2015 1681 angustiis
2072 1597 2401 1678 inclusus,
2472 1594 2608 1660 hinc

749 1713 1107 1778 existimare
1160 1715 1239 1778 de
1282 1714 1559 1793 antiquis
1609 1718 1923 1795 sustinet,
1965 1714 2246 1781 umbram
2302 1713 2357 1777 is
2414 1723 2616 1778 cernet

747 1825 1179 1909 antiquitatis,
1262 1828 1698 1908 antiquitatem
1770 1826 2107 1912 ignorabit.
2194 1827 2612 1916 Quamobrem

746 1962 861 2011 nec
918 1941 1120 2011 critici
1172 1942 1418 2010 dicendi
1471 1957 1624 2010 sunt
1652 1988 1678 2025 ‚
1760 1945 1872 2028 qui
1939 1944 2240 2026 neglectis
2318 1941 2613 2009 Veterum

747 2060 999 2146 scriptis
1035 2107 1063 2144 ,
1157 2061 1398 2129 rivulos
1476 2061 1709 2130 adeunt
1782 2062 2176 2129 novitiorum
2214 2105 2240 2141 ,
2325 2075 2400 2127 ut
2471 2059 2616 2127 ltine

744 2197 1126 2264 cognoscere
1194 2176 1623 2262 antiquitatem
1698 2180 2045 2245 studeant:
2118 2161 2233 2243 nec
2302 2196 2453 2243 vero
2523 2177 2616 2244 illi

748 2293 927 2359 etiam
946 2339 971 2372 ,
1036 2292 1322 2375 quamvis
1379 2292 1574 2374 vulgo
1628 2292 1753 2358 hoe
1807 2292 2064 2359 nomine
2118 2293 2445 2376 dicantur,
2506 2293 2620 2376 qui

746 2407 1033 2475 studiose
1060 2422 1325 2475 tractant
1359 2408 1664 2477 Veterum
1719 2409 1956 2493 scripta
1975 2457 1999 2492 ‚
2060 2428 2175 2476 nec
2224 2425 2475 2478 cessant
2531 2423 2625 2476 ta-

746 2542 891 2592 men
953 2539 1235 2606 tempora
1314 2544 1533 2592 eorum
1586 2526 1670 2592 ad
1736 2527 1839 2593 sui
1900 2528 2138 2593 saeculi
2197 2527 2624 2594 conditionem

744 2641 1013 2723 exigere.
1100 2642 1244 2724 Ipse·
1300 2661 1455 2708 vero
1504 2641 1607 2708 vir
1665 2660 1950 2710 summus
2005 2642 2307 2711 Critic‘am
2367 2645 2461 2711 sic
2517 2646 2630 2709 ad-

744 2756 957 2824 hibuit
1000 2770 1063 2823 et
1107 2756 1304 2824 literis
1360 2756 1653 2825 universe
1685 2771 1750 2824 et
1784 2757 2080 2825 historiae
2117 2758 2182 2823 in
2226 2757 2444 2842 primis
2482 2758 2636 2841 phi·

740 2873 1149 2960 losopbicae,
1211 2887 1287 2941 ut
1340 2891 1475 2942 non
1528 2877 1734 2942 solum
1794 2889 1871 2942 ex
1940 2874 2230 2943 fontibus
2303 2874 2628 2957 hauriret,

740 2992 1050 3076 ipsosque
1123 2991 1455 3074 diligenter
1506 2993 1717 3059 fontes
1777 2993 2168 3072 grammatica
2233 2994 2473 3060 ratione
2523 3009 2640 3058 ex-

740 3110 1054 3192 ploraret3
1100 3107 1213 3173 sed
1248 3108 1526 3194 indolem·
1558 3106 1921 3190 praesertim
1968 3108 2371 3191 investigaret
2402 3124 2470 3174 et
2506 3110 2641 3176 lin·

745 3239 1005 3307 guarum
1068 3238 1129 3289 et
1178 3223 1455 3305 gentium
1491 3222 1935 3304 antiquarum:
2001 3223 2158 3290 hanc
2198 3243 2345 3291 vere
2388 3225 2647 3309 princi-

739 3343 917 3428 pium
976 3360 1114 3409 esse
1170 3357 1391 3424 ratus,
1455 3339 1623 3408 unde
1674 3339 1979 3427 judicium
2022 3359 2206 3406 omne
2252 3344 2330 3408 de
2362 3343 2644 3428 scriptis

741 3474 1020 3527 veterum
1073 3473 1136 3526 et
1182 3458 1490 3526 institutis
1527 3472 1591 3524 et
1623 3456 2032 3540 opinionibus
2082 3439 2266 3524 unice
2304 3474 2476 3526 esset
2537 3460 2648 3527 in-

740 3577 1150 3644 stituendum.
1238 3576 1345 3643 Sic
1386 3577 1467 3642 ad
1507 3574 1864 3641 interiore-m
1903 3573 2190 3658 pervenit
2227 3576 2648 3660 antiquitatis

742 3693 1064 3761 scientiam
1089 3742 1113 3777 ,
1192 3692 1287 3759 sic
1338 3690 1621 3776 optimus
1676 3690 1918 3757 exstitit
1961 3691 2362 3774 antiquorum
2419 3696 2650 3780 scrip-

739 3825 951 3878 torum
1010 3813 1352 3894 interpres,
1420 3808 1656 3893 quippe
1703 3809 1839 3892 ipse
1901 3810 2085 3891 plane
2145 3812 2445 3894 antiquus
2497 3814 2652 3881 fae-

744 3941 881 3993 tusz
928 3929 1020 3994 sic
1065 3928 1323 3994 omnino
1345 3975 1371 4009 ,
1417 3935 1490 3995 u‘t
1529 3927 1668 4012 ipse
1714 3915 1941 4011 pariter
1987 3928 2303 3994 Platonice
2341 3931 2594 4013 loquar
2618 3982 2648 4015 ‚

746 4042 977 4111 relictis
1027 4044 1091 4111 in
1147 4045 1480 4126 speluncae
1536 4037 1837 4129 angustiis
1865 4058 1943 4111 et
1996 4045 2303 4132 tenebris,
2349 4049 2469 4132 qui
2537 4070 2656 4116 se·-

2508 4184 2652 4248 qur
