2792 5167
963 438 1351 500 ...107—

234 606 500 670 salutem
559 601 898 685 provehant
921 649 946 683 ,
1015 599 1238 685 partim
1286 595 1444 663 hanc
1487 596 1844 681 negligentia
1896 591 2088 684 pror?

245 737 360 785 sus
386 767 411 801 ,
453 720 637 785 animi
686 719 1083 786 solummodo
1125 715 1601 781 oblectationem
1643 711 2082 795 respicientia?

248 835 419 903 Mihi
455 838 699 920 quidem
720 886 742 916 ,
784 836 1026 921 adjicit,
1073 851 1215 900 esse
1246 831 1583 916 quaedam,
1618 831 1904 895 Callicles
1926 876 1950 911 ,
1989 833 2082 897 vi-

246 955 519 1022 dentur:
564 968 773 1020 statuo
829 968 1027 1018 autem
1086 964 1289 1016 totum
1362 949 1486 1014 hoc
1550 946 1875 1032 negotium
1919 967 2095 1046 κολφε
2137 1001 2141 1006 .

242 1073 412 1141 κείαν
433 1117 458 1151 ,
499 1069 925 1137 adulationem
966 1086 1108 1134 esse
1128 1115 1152 1149 ,
1198 1067 1333 1133 sive
1389 1067 1662 1131 animum
1686 1111 1711 1145 ,
1778 1063 1916 1130 sive
1965 1081 2106 1129 cot·

230 1205 358 1271 pus
378 1233 405 1267 ,
450 1186 593 1253 sive
634 1188 809 1252 aliud
849 1186 1273 1266 quodcunque
1320 1196 1559 1265 spectat
1582 1229 1607 1262 ,
1651 1183 1834 1266 cujus
1878 1182 2104 1264 volup-

236 1316 339 1367 tas
400 1301 743 1385 respicitur
766 1347 791 1380 ,
837 1302 1005 1365 salus
1046 1315 1205 1363 vero
1248 1299 1582 1383 negligitur
1645 1300 1847 1382 plane.
1934 1298 2108 1365 Hine

244 1415 332 1481 de
382 1416 631 1481 artibus
675 1414 1045 1496 quibusdam
1107 1416 1366 1496 quaerit.
1478 1414 1749 1480 Primum
1773 1462 1797 1496 ,
1838 1415 1923 1481 ait
1954 1462 1979 1497 ,
2032 1417 2108 1482 ti·

252 1528 613 1596 bicinariam
685 1531 1167 1597 consideremus.
1282 1533 1517 1598 Nonne
1579 1532 1727 1597 haec
1798 1531 1913 1597 tibi
1971 1533 2108 1598 talis

250 1665 401 1714 (περ
472 1647 724 1713 videtur
774 1648 1113 1715 Callicles?
1175 1650 1560 1731 voluptatem
1633 1648 1926 1731 persequi
2001 1668 2108 1714 so-

252 1768 388 1830 lum
415 1811 442 1845 ,
511 1766 677 1831 aliud
748 1783 961 1832 curare
1011 1765 1226 1831 nihil?
1282 1801 1377 1819 -—
1425 1753 1724 1834 Videtur.
1771 1804 1864 1817 —
1937 1766 2112 1852 Quid

251 1900 409 1947 vero
465 1881 898 1947 citharistica?
965 1883 1116 1964 quid
1176 1882 1410 1949 chori?
1473 1883 1623 1963 quid
1664 1882 2110 1966 dithyrambica

248 1998 525 2081 poesis?
566 2001 871 2081 numquid
936 1999 1049 2065 tibi
1093 2018 1161 2065 ea
1203 1998 1491 2083 proferre
1560 1998 1896 2082 videntur,
1945 2003 2107 2066 unde

257 2116 365 2196 qui
404 2114 665 2179 audiunt
721 2115 1007 2181 meliores
1072 2116 1199 2182 sint
1256 2114 1514 2182 futuri?
1557 2156 1644 2169 —
1684 2117 1835 2182 Non
1886 2119 2109 2184 viden·

252 2243 379 2294 tur.
424 2268 516 2282 -
555 2229 729 2315 Quid
776 2247 933 2293 vero
976 2232 1291 2310 praeclara
1330 2230 1440 2292 illa
1480 2244 1672 2309 atque
1731 2233 2111 2296 admirabilis

252 2345 617 2425 tragoediae
671 2343 884 2424 poesis
906 2388 930 2421 ,
998 2361 1129 2422 quo
1193 2358 1434 2424 spectat
1456 2342 1489 2406 *ἒ
1558 2347 1716 2408 eone
1761 2345 2118 2427 contendit,

261 2472 339 2527 ut
387 2458 854 2543 spectatoribus
919 2456 1297 2541 gratificetur
1349 2457 1637 2523 tantum?
1690 2475 1766 2524 an
1811 2478 2010 2542 vern,
2064 2462 2119 2526 si

256 2577 426 2661 quid
456 2633 461 2638 .
487 2576 612 2641 illis
658 2590 895 2659 gratum
935 2573 1020 2638 sit
1080 2593 1152 2638 ac
1208 2574 1487 2655 placeat,
1530 2574 1642 2637 sed
1696 2589 1958 2656 noceat,
1999 2579 2121 2644 hoc

272 2711 359 2760 ne
425 2692 629 2772 dicat,
677 2704 894 2756 cavetz
943 2689 1002 2754 si
1049 2690 1227 2770 quod
1278 2706 1430 2754 vero
1471 2686 1591 2753 illis
1634 2688 1937 2774 ingratum
1974 2694 2128 2759 acci·

274 2811 430 2890 dat,
477 2808 588 2875 sed
653 2807 807 2873 utile
845 2807 977 2885 sit,
1042 2807 1180 2872 sive
1236 2824 1315 2872 eo
1356 2806 1737 2873 delectentur
1796 2807 1937 2877 sive
1992 2811 2121 2879 dis-

264 2927 500 3015 pliceat
538 2924 705 3006 illis,
761 2924 823 2990 id
886 2923 1002 2989 tibi
1053 2926 1247 3006 palam
1298 2922 1500 2989 dicere
1561 2938 1624 2990 et
1681 2944 1907 3022 canere
1951 2929 2123 2996 vide-

268 3046 420 3112 tur?
479 3083 570 3097 —-
610 3043 789 3109 Istud
839 3040 1229 3108 manifestum
1253 3088 1279 3122 ,
1323 3059 1365 3105 o
1403 3042 1735 3124 Socrates,
1775 3045 1854 3111 ad
1894 3049 2123 3134 volup-

260 3179 453 3231 tatem
518 3153 988 3249 spectatoribus
1045 3159 1486 3225 conciliandam
1536 3158 1842 3227 inservire
1884 3178 2130 3247 tragoe-

272 3280 458 3346 diam.
497 3308 589 3330 -
636 3277 838 3362 Atqui
877 3295 1067 3343 omne
1126 3275 1279 3341 illud
1317 3276 1506 3340 modo
1529 3323 1554 3356 ,
1596 3273 1931 3356 Callicles,
1972 3273 2131 3343 adun

282 3395 573 3461 lationem
604 3389 740 3460 esse
782 3392 1361 3478 pronunciavimus.
1382 3389 1803 3457 —Omnin0.
1848 3427 1938 3452 -ι
1993 3391 2134 3475 Age

294 3527 491 3590 veto,
548 3510 604 3575 si
669 3509 814 3592 quis
864 3527 944 3577 ex
1004 3523 1138 3575 tota
1214 3508 1395 3593 poesi
1463 3523 1605 3574 cum
1653 3521 1939 3590 cantum,
1998 3524 2129 3578 tum

294 3639 607 3706 metrum,
669 3641 799 3692 tum
864 3629 1044 3695 etiam
1121 3626 1480 3709 rhythmum
1545 3625 1919 3708 sustulerit,
1982 3630 2131 3712 quid

283 3742 415 3811 erit
456 3742 608 3809 illud
632 3789 656 3824 ,
724 3745 894 3827 quod
965 3742 1280 3811 restabit?
1352 3760 1566 3808 nonne
1645 3747 2003 3813 sermones?
2042 3783 2132 3804 ..-

285 3859 475 3929 Nihil
549 3860 739 3928 aliud.
815 3899 903 3916 --
988 3861 1079 3929 Hi
1133 3874 1341 3926 autem
1422 3877 1738 3929 sermones
1786 3879 2000 3935 nonne
2057 3866 2134 3930 ad

287 3979 531 4048 turbam
589 3980 1027 4066 populumque
1084 3975 1391 4047 habentur
1410 3978 1446 4047 ἲ
1503 3978 1740 4050 Nonne
1799 3983 2014 4068 poscis
2053 3980 2140 4046 sit

2051 4112 2138 4162 lc.
