2792 5167
1468 468 1562 519 *-
1604 447 1722 529 1'28
1764 470 1869 509 ···-.

726 614 842 681 sed
883 613 1072 683 animi
1130 610 1329 683 nostri
1372 611 1534 696 lapsi
1582 625 1733 681 sunt
1784 607 2082 695 deinceps
2140 610 2205 675 in
2240 610 2425 677 hasce
2459 616 2582 673 ter·

728 748 830 797 ras
855 780 880 815 ,
920 731 1030 799 ubi
1085 748 1356 814 corpore
1414 730 1681 810 indutu,
1724 728 2018 795 sensibus
2064 728 2193 814 iam
2236 727 2468 794 utimur
2500 717 2581 792 ad

721 867 936 915 verum
993 849 1501 931 cognoscendum
1529 890 1555 928 ,
1598 846 1855 917 incertis
1928 847 2301 915 fluctuamus
2337 843 2585 929 opinio·

716 964 944 1049 nibus,
1012 964 1453 1050 voluptatibus
1504 965 1653 1033 item
1715 964 2123 1045 distrahimur
2185 980 2249 1030 et
2298 962 2585 1047 cogimur

713 1084 897 1165 plane
931 1078 1224 1171 deorsum
1255 1094 1579 1167 spectare.
1670 1081 1970 1167 Superest
2000 1080 2193 1149 nobis
2232 1078 2591 1149 recordatio,

713 1197 1080 1265 coelestium
1113 1210 1483 1282 sacrorum,
1512 1199 1625 1265 sed
1673 1199 1823 1265 haec
1860 1197 2092 1265 sensim
2156 1199 2591 1281 paulatimque

708 1315 1026 1405 perversis
1091 1314 1326 1383 studiis·
1376 1314 1445 1382 in
1497 1314 1722 1382 animis
1766 1315 2101 1384 evanescit.
2208 1315 2375 1381 Nam
2446 1330 2581 1380 non

713 1448 814 1505 est
868 1433 974 1501 hle
1033 1430 1278 1515 uspiam
1314 1432 1449 1498 veri
1471 1480 1497 1515 ‚
1558 1430 1715 1497 boni
1739 1476 1765 1512 ,
1822 1429 2027 1515 justi,
2090 1428 2295 1499 sancti
2348 1429 2587 1513 effigies

712 1548 839 1617 ulla
859 1597 883 1631 ‚
929 1568 1090 1632 quae
1121 1548 1231 1616 illa
1286 1547 1477 1616 nobis
1533 1548 1601 1615 in
1653 1548 2013 1617 memoriam
2065 1562 2343 1615 revocet.
2426 1547 2595 1623 Non⁴

711 1668 876 1735 enim
910 1666 1205 1735 sensibus
1261 1668 1412 1733 haec
1463 1666 1939 1750 percipiuntur,
2000 1665 2340 1749 cogitando
2374 1666 2589 1733 solum

710 1799 774 1853 et
823 1782 1251 1849 ratiocinando
1310 1781 1647 1864 aegerrime
1686 1780 1790 1847 illa
1823 1784 2244 1864 assequimur.
2330 1782 2585 1868 Quodsi

707 1899 915 1967 oculis
977 1917 1229 1966 cernere
1281 1898 1602 1965 veritatem
1673 1913 1736 1964 et
1781 1898 2145 1983 sapientiam
2207 1916 2583 1982 possemus,

702 2017 1098 2085 admirabiles
1156 2018 1260 2084 sui
1302 2032 1549 2085 amores
1615 2016 1978 2087 excitarent.
2107 2017 2537 2085 Veruntamen
2559 2060 2586 2097 ,

706 2138 1084 2219 pulcrum
1110 2184 1132 2218 ‚
1196 2137 1372 2220 quod
1416 2135 1544 2202 illic
1584 2135 1839 2203 lucebat
1894 2154 2144 2201 summo
2196 2134 2587 2218 splendore,

704 2251 812 2321 bic
873 2252 1064 2323 habet
1109 2254 1272 2319 clara
1318 2266 1380 2317 et
1419 2251 1746 2334 splendida
1796 2250 2148 2319 simulacra.
2236 2250 2404 2318 Nam
2440 2251 2586 2331 pul-

705 2387 810 2439 cra
860 2367 1152 2437 sensibus
1200 2383 1417 2452 patent
1459 2384 1522 2435 et
1569 2388 1643 2437 eo
1682 2367 2122 2453 percipiuntur
2164 2384 2356 2434 sensu
2376 2415 2403 2450 ‚
2470 2363 2584 2450 qui

704 2487 987 2553 omnium
1034 2501 1131 2553 est
1169 2485 1597 2553 acutissimus,
1685 2485 2112 2572 Quamobrem
2152 2483 2217 2551 in
2254 2499 2585 2568 praesente

703 2603 818 2671 hac
859 2602 1221 2671 conditione
1261 2605 1483 2669 nostra
1504 2649 1530 2684 ,
1574 2601 1935 2686 pulcritudo
1981 2602 2139 2667 hanc
2183 2600 2308 2666 vim
2343 2601 2536 2669 habet
2557 2646 2584 2686 ‚

699 2733 776 2785 ut
813 2715 1280 2785 evidentissima
1322 2715 1408 2785 sit
1448 2731 1514 2783 et
1564 2731 1833 2783 mentem
1894 2718 2174 2785 advertat
2220 2714 2535 2789 continuo
2555 2762 2583 2800 ‚

702 2851 767 2905 et
845 2855 1116 2907 amorem
1177 2834 1407 2902 excitet
1484 2834 2078 2918 flagrantissimum,
2146 2832 2382 2919 quippe
2444 2835 2583 2919 ipsa

702 2976 906 3028 rerum
968 2956 1246 3021 omnium
1303 2954 1566 3022 maxime
1611 2953 1892 3021 amabilis
1914 2999 1940 3035 ‚
2008 2966 2072 3017 et
2133 2971 2287 3021 vero
2342 2950 2585 3025 insum-2

701 3089 795 3138 ret
840 3071 1258 3137 efficacissime
1310 3049 1556 3135 omnem
1621 3070 1918 3151 pristinae
1972 3068 2290 3134 felicitatis
2350 3068 2583 3135 divini⁶

700 3206 826 3269 que
899 3183 1246 3269 spectaculi
1307 3184 1830 3254 recordationem.
1933 3184 2113 3266 Ergo
2186 3184 2298 3267 qui
2362 3204 2585 3277 recens⁸

693 3300 983 3381 initiatus
1010 3348 1034 3381 ‚
1079 3319 1298 3367 eorum
1359 3319 1518 3382 quae
1555 3316 1690 3366 tum
1724 3284 2164 3386 spectabantur
2205 3319 2389 3381 quam
2433 3304 2583 3383 plu-‚

698 3420 853 3491 rima
905 3413 1186 3503 per'ceplt
1204 3463 1228 3497 ‚
1287 3417 1343 3483 is
1365 3464 1392 3498 ‚
1454 3415 1709 3499 quaudo
1764 3415 2047 3485 divinum
2116 3414 2386 3498 adspicit
2435 3420 2580 3484 vul-

700 3554 836 3606 tum
862 3585 888 3620 ,
949 3539 1048 3604 vel
1087 3535 1377 3631 corporis
1411 3533 1682 3619 speciem
1708 3581 1734 3617 ‚
1781 3533 1988 3617 ipsum
2042 3535 2333 3617 pulcrum
2390 3537 2579 3617 plane

698 3654 1066 3720 referentem
1090 3698 1114 3733 ,
1157 3649 1430 3735 primum
1476 3649 1729 3732 quidem
1761 3650 2154 3717 cohorrescit
2180 3699 2202 3733 ‚
2264 3651 2576 3736 subitque

700 3772 918 3853 ipsum·
969 3786 1204 3840 tremor
1250 3768 1481 3863 aliquis
1507 3815 1531 3850 ‚
1576 3782 1648 3835 ut
1692 3768 1821 3837 illic
1874 3783 2099 3837 anteat.
2170 3768 2393 3837 deinde
2466 3790 2573 3839 ve-

700 3907 774 3955 ro
824 3888 1177 3973 adspiciens
1238 3903 1299 3954 et
1342 3890 1808 3972 contemplatus
1838 3936 1860 3970 ‚
1921 3902 1995 3954 ut
2049 3889 2252 3955 Deum
2301 3887 2569 3968 aliquem

699 4003 852 4071 colit
878 4006 1177 4081 amasium
1205 4053 1228 4089 ‚
1249 4021 1310 4071 et
1332 3980 1362 4090 ,’
1398 4005 1523 4072 nisi
1577 4023 1897 4075 vereretur
1935 4004 2207 4073 insaniae
2244 4003 2512 4091 speciem
2539 4050 2565 4083 ‚

2468 4141 2566 4191 sa-
