2792 5167
1415 492 1766 574 -53,.,

651 669 833 740 etiam
881 668 1006 736 iuis
1031 715 1056 750 ‚
1099 666 1516 740 anxietatibus
1562 672 1925 754 replentur:
1970 668 2092 736 hos
2146 683 2351 738 autem
2392 669 2509 736 do-

646 788 817 858 lores
875 804 983 856 ars
1029 804 1165 866 mea
1226 798 1289 854 et
1343 786 1612 854 excitare
1662 801 1878 870 potest
1917 800 1981 853 et
2036 789 2278 855 sedare.
2380 787 2503 854 At-

650 921 780 988 que
832 904 920 970 ita
961 903 1226 987 quidem
1271 902 1379 968 isti
1430 921 1504 970 se
1554 902 1829 985 habent3
1908 903 2244 987 aliquando
2302 922 2456 972 vero
2477 949 2507 986 ‚

651 1039 696 1088 ο
755 1019 1142 1101 Theaetete‚
1204 1020 1260 1086 si
1319 1020 1431 1101 qui
1490 1019 1640 1086 mihi
1703 1037 1839 1085 non
1912 1039 2053 1087 esse
2096 1037 2507 1106 praegnantes

647 1137 979 1217 videntur,
1022 1136 1226 1219 sciens
1267 1155 1390 1221 ego
1426 1136 1581 1204 nihil
1632 1151 1734 1202 me
1793 1134 1872 1201 iis
1927 1137 2231 1220 prodesse
2259 1155 2457 1220 posse
2476 1181 2507 1217 ,

650 1253 789 1322 aliis
838 1272 954 1321 eos
996 1253 1304 1322 benevole
1349 1253 1712 1338 despondeo
1738 1304 1765 1340 ‚
1805 1266 1871 1319 et
1894 1300 1919 1334 ‚
1956 1253 2136 1334 quod
2181 1271 2315 1319 non
2363 1253 2507 1319 sine

647 1371 774 1440 Dei
818 1370 1074 1438 numine
1131 1371 1315 1452 dico,
1376 1370 1533 1436 satis
1590 1372 1905 1456 praesagio
1958 1385 2139 1438 acute
2158 1415 2185 1452 ,
2239 1369 2511 1453 quibus-

647 1505 789 1556 nam
841 1487 932 1554 illi
983 1486 1087 1553 usi
1138 1486 1495 1570 proficiant.
1604 1486 1895 1573 Quorum
1950 1488 2184 1578 multos
2238 1485 2511 1554 Prodico

648 1604 913 1683 tradidi,
986 1605 1220 1669 multos
1277 1603 1418 1666 aliis
1472 1600 1863 1686 sapientibus
1920 1618 1983 1672 et
2034 1603 2260 1670 divinis
2319 1602 2503 1670 viris.

645 1719 824 1787 Haec
865 1718 980 1784 tibi
1003 1765 1030 1796 ‚
1073 1718 1356 1803 optime,
1397 1718 1513 1784 hac
1558 1719 1637 1785 de
1664 1737 1885 1786 caussa
1923 1719 2132 1787 fusius
2172 1719 2450 1790 enarravi
2473 1766 2501 1801 ‚

647 1835 1008 1920 suspicatus
1064 1835 1299 1904 scilicet
1317 1882 1344 1918 ‚
1387 1849 1491 1917 te,
1534 1836 2052 1917 quemadmodum
2101 1837 2237 1921 ipse
2277 1850 2465 1921 putas
2484 1882 2515 1918 ‚

647 1966 1086 2038 praegnantem
1143 1953 1478 2036 parturire.
1566 1952 1911 2020 Committe
1955 1967 2016 2018 te
2068 1953 2261 2037 igitur
2306 1951 2515 2032 mihi,

643 2083 722 2137 ut
781 2067 916 2133 filio
976 2068 1334 2134 obstetricis
1383 2081 1451 2136 et
1504 2068 1627 2151 ipsi
1676 2067 2071 2134 obstetriciae
2130 2066 2284 2132 artis
2338 2067 2520 2151 peri-·

641 2200 716 2252 to
737 2232 764 2266 ‚
807 2202 1096 2267 quaeque
1149 2202 1348 2269 rogo,
1392 2184 1471 2250 ad
1527 2185 1678 2251 haec
1719 2201 1838 2267 pro
1877 2181 2121 2250 viribus
2164 2171 2509 2268 responde.

646 2301 900 2390 Quodsi
950 2300 1122 2368 forte
1176 2319 1394 2366 eorum
1417 2346 1444 2382 ‚
1510 2318 1673 2383 quae
1723 2299 1895 2367 dices
1915 2346 1942 2381 ,
2004 2301 2337 2384 explorans
2396 2300 2514 2367 ali-

652 2420 844 2505 quid,
885 2418 1278 2486 simulacrum
1317 2431 1461 2485 aese
1480 2463 1505 2499 ,
1553 2435 1686 2482 non
1714 2434 1930 2482 verum
1955 2461 1982 2496 ‚
2025 2415 2509 2497 existimavere,

648 2537 874 2605 deinde
921 2538 1241 2615 sustulero
1301 2548 1491 2619 atque
1530 2534 1813 2620 abjecero
1835 2583 1859 2616 ‚
1902 2552 1985 2600 ne
2019 2534 2299 2601 irascaris
2340 2553 2457 2600 oro
2479 2579 2513 2616 ‚
2569 2597 2587 2614 ,

647 2654 866 2740 prouti
940 2653 1150 2737 primo
1217 2666 1405 2736 partu
1465 2669 1803 2736 puerperae
1860 2652 2041 2734 prole
2121 2652 2343 2735 reiecta
2402 2667 2509 2716 so-

645 2776 807 2840 lmt.
913 2770 1114 2837 Multi
1168 2772 1293 2856 iam
1355 2769 1518 2836 enim
1542 2813 1567 2848 ‚
1628 2766 1888 2836 mirifice
1946 2767 2350 2850 adolescens,
2414 2766 2512 2834 sic

652 2888 720 2952 in
772 2903 875 2952 me
910 2883 1120 2952 affecti
1168 2897 1369 2963 sunt,
1415 2895 1488 2948 ut
1552 2886 1738 2965 plane
1785 2883 1865 2950 ad
1922 2882 2322 2948 mordendum
2377 2881 2511 2950 sint

646 3001 894 3084 parati,
975 2999 1229 3080 quando
1296 2998 1452 3081 ipsis
1512 3018 1710 3083 nugas
1782 2999 2075 3082 quasdam
2142 2997 2451 3062 detraham
2476 3044 2507 3080 ‚

531 3199 542 3209 ι
645 3133 766 3182 nec
829 3129 1056 3199 putant
1109 3114 1174 3181 id
1232 3134 1267 3181 a
1320 3133 1423 3184 me
1480 3115 1920 3184 benevolentia
1975 3114 2131 3180 fieri.
2225 3112 2510 3179 Multum

649 3230 876 3313 abest,
955 3244 1030 3297 ut
1071 3231 1271 3298 sciant
1295 3279 1320 3315 ,
1383 3234 1626 3310 nullum
1684 3252 1826 3302 esse
1886 3234 2088 3298 Deum
2152 3227 2514 3297 hominibus

651 3352 1027 3419 malevolum
1051 3396 1076 3432 ,
1130 3368 1247 3416 nec
1302 3368 1454 3416 vero
1507 3369 1605 3416 me
1660 3349 1994 3433 quidquam
2063 3347 2185 3412 tale
2239 3347 2517 3413 malevo-

652 3469 847 3537 lentia
897 3466 1144 3536 facere:
1234 3466 1386 3534 mihi
1441 3485 1597 3533 vero
1665 3466 1893 3534 falsum
1948 3465 2269 3532 admittere
2322 3481 2519 3551 atque
2573 3509 2587 3524 .

653 3588 1042 3655 abscondere
1088 3603 1302 3651 verum
1328 3631 1354 3666 ‚
1398 3586 1577 3652 nullo
1623 3586 1810 3651 modo
1862 3583 2102 3650 licitum
2162 3596 2285 3650 est.
2335 3583 2400 3628 <¹³

743 3704 946 3767 Nolui
1008 3701 1398 3786 interpellare
1457 3701 1772 3768 Socratem
1796 3746 1819 3780 ‚
1857 3701 2007 3767 haec
2045 3699 2128 3765 ita
2169 3698 2518 3767 Theaeteto

654 3830 720 3884 et
769 3816 1119 3885 Theodoro
1178 3834 1601 3901 enarrantem,
1663 3831 1732 3885 ut
1789 3837 1918 3886 rem
1975 3836 2053 3885 ex
2110 3816 2259 3901 ipso
2320 3830 2510 3882 totam

2370 3949 2517 4013 per-

735 4067 820 4141 (ι)
856 4063 1079 4121 Theaet.
1118 4069 1216 4123 148
1239 4067 1284 4122 E
1309 4097 1343 4113 -·
1367 4069 1459 4125 131
1490 4071 1568 4125 D.
