2792 5167
1406 467 1812 530 —172—

659 631 871 698 instar
910 628 1252 697 fabularum
1281 678 1306 712 ‚
1370 624 1527 712 qu'ae
1577 629 1742 695 vitae
1804 642 2281 712 temporumque
2334 629 2533 695 conti·

672 760 890 815 nerent
930 745 1187 827 effigiem
1216 793 1241 827 ‚
1279 765 1348 811 ac
1387 764 1594 810 mores
1632 744 1957 811 hominum
1984 764 2046 812 et
2075 747 2364 830 ingenia‚
2409 746 2537 814 vir·

668 878 835 928 tutes
893 870 976 928 ac·
1017 862 1210 943 vitia,
1266 864 1566 947 Juvenum
1633 861 1815 927 etiam
1874 861 2145 929 indolem
2211 879 2272 928 et
2331 864 2541 930 studia

670 978 965 1046 imitando
1019 979 1455 1062 exprimerent.
1540 980 1631 1046 Et
1684 954 1831 1045 sane
1859 1028 1882 1062 ‚
1932 1000 2090 1061 quae
2132 981 2303 1064 apud
2351 981 2544 1048 Euri·

669 1096 874 1179 pidem
922 1110 1018 1161 est
1051 1095 1223 1161 Ionis
1249 1096 1686 1179 ‚Hippolyti‚
1730 1097 2038 1177 Achiuis,
2084 1099 2290 1163 eadem
2336 1110 2437 1163 est
2474 1096 2543 1162 iu

664 1211 943 1280 Platonis
965 1211 1343 1277 dramatibus
1379 1212 1638 1279 Phaedri
1670 1259 1695 1294 ‚
1718 1212 2061 1279 Alcibiadis
2083 1260 2108 1294 ‚
2134 1213 2491 1285 Glauconis
2514 1260 2540 1294 ‚

666 1327 989 1401 Adimanti
1024 1328 1230 1395 nativa
1265 1328 1459 1411 gratia
1488 1344 1550 1394 et
1564 1345 1883 1396 venustas.
1926 1329 2051 1396 Sed
2086 1330 2262 1397 Plato
2308 1330 2541 1415 poesin

669 1447 944 1529 agitabat
979 1445 1186 1512 animo
1227 1447 1521 1531 majorem
1564 1447 1891 1529 quamdam
1953 1464 2016 1513 et
2075 1446 2531 1516 sublimiorem.

668 1566 849 1651 Quae
889 1582 1057 1646 ηοε,
1100 1565 1235 1645 ait,
1299 1563 1683 1648 suscipimus
1714 1611 1739 1645 ‚
1796 1583 1981 1631 nemo
2036 1586 2328 1649 umquam
2385 1574 2542 1651 poe-

668 1697 917 1764 tarum,
960 1685 1093 1750 sive
1140 1682 1248 1765 qui
1293 1682 1446 1748 olim
1483 1681 1777 1765 fuerunt,
1824 1683 2103 1787 siveoqui
2144 1703 2309 1757 nunc
2340 1703 2542 1767 sunt,

667 1797 954 1883 perfecit.
1072 1800 1270 1885 Quod
1335 1815 1466 1864 non
1542 1798 1688 1865 dico
1711 1846 1736 1880 ,
1815 1807 1884 1871 τὸ
1963 1809 2259 1881 ποιητικὸν
2310 1809 2551 1887 impod-
2656 1858 2668 1871 ,

669 1920 783 2002 ζων
860 1920 1028 1996 γένος
1051 1963 1073 1995 ‚
1157 1921 1332 1988 ἀλλὰ
1408 1918 1592 1987 araim
1647 1922 1820 1993 δῆλον
1845 1969 1866 1994 ,
1928 1924 2004 1996 ὥς
2082 1922 2150 1989 τὸ
2222 1925 2545 2003 μιμήτικον

670 2038 824 2111 ἔθνος
842 2086 863 2111 .
929 2034 1011 2112 οἷς
1077 2039 1154 2106 ἄν
1210 2040 1510 2122 ἐντραφῇ,
1558 2044 1780 2106 ταῦτα
1827 2034 2187 2120 maaianai
2209 2044 2367 2123 ῥᾷςοι
2439 2040 2563 2123 ιοεοοὶΔ

669 2154 874 2235 ἄριςω·
910 2158 980 2223 τὸ
1021 2157 1069 2223 δ’
1113 2158 1281 2229 ἐκτὸς
1326 2162 1435 2230 ’τῆς
1469 2162 1691 2238 τροφῆς
1730 2157 1952 2232 &edane
1979 2156 2373 2237 γιγνόμενον,
2416 2180 2549 2239 xx·

667 2275 851 2339 λεπὸν
902 2275 1012 2351 μὲν
1061 2272 1252 2352 ἔργοις
1277 2319 1298 2343 ,
1343 2273 1433 2338 ἔτι
1493 2274 1554 2339 δὲ
1603 2273 2027 2353 χαλεπώτερον
2073 2274 2274 2351 λόγοις
2334 2271 2403 2341 εὖ
2442 2297 2546 2354 με·

661 2389 928 2467 μεῖσθαι·
971 2385 1155 2469 quasi
1194 2386 1499 2472 poett‘cum
1523 2402 1719 2469 genus
1759 2383 2088 2468 rq't'ciens,·
2109 2383 2220 2450 sed
2230 2386 2431 2453 cuivis
2456 2397 2549 2451 est

657 2499 904 2566 evidens
919 2547 943 2579 ‚
1002 2502 1397 2565 imitatorum
1441 2513 1686 2583 gentem
1731 2520 1808 2564 ea
1840 2498 2160 2582 facillime
2202 2503 2551 2588 optimeque

657 2618 955 2697 imitari,
997 2618 1068 2680 in
1101 2614 1322 2701 quibus
1356 2614 1608 2681 educati
1647 2627 1792 2682 sunt
1815 2634 1841 2676 :
1883 2616 2097 2680 aliena
2156 2636 2302 2683 vero
2345 2630 2543 2703 atque
2562 2654 2581 2673 -

666 2734 748 2799 ab
800 2731 1158 2800 educatione
1204 2747 1443 2799 remota
1470 2780 1494 2815 ,
1561 2750 1690 2819 qua
1732 2746 1876 2798 sunt
1935 2733 2034 2798 αεὶ
2051 2778 2076 2812 ,
2117 2729 2359 2820 difficile
2425 2754 2549 2805 esse.

663 2850 948 2936 operibus
964 2897 989 2933 ,
1053 2850 1358 2940 defficilius
1414 2855 1605 2917 etiam
1646 2849 1849 2919 verbis
1906 2865 2070 2916 recte
2136 2853 2415 2919 imitari.
2480 2848 2544 2896 ω

667 2968 924 3033 Scilicet
980 2968 1447 3051 philosophiam
1522 2967 1844 3051 spectabat
1925 2967 2109 3034 unice
2136 3016 2159 3050 ‚
2246 2989 2410 3051 quae
2472 2968 2550 3036 ad

662 3083 940 3167 perfecta
986 3102 1193 3148 rerum
1255 3090 1738 3168 παραδείγματα
1793 3083 2121 3153 hominum
2179 3085 2372 3152 vitam
2413 3106 2551 3153 mo-

661 3219 888 3280 resque
945 3213 1009 3264 et
1067 3199 1240 3283 ipsas
1296 3200 1582 3267 civitates
1625 3198 1991 3267 informaret
2041 3204 2543 3286 emendaretque.

660 3315 1118 3398 Eryximachus
1151 3315 1218 3379 in
1272 3316 1617 3400 Symposio
1656 3336 1864 3382 veram
1920 3318 2215 3383 musicam
2266 3337 2411 3384 cum
2449 3338 2549 3385 sa-

667 3433 853 3502 lutari
892 3448 1021 3499 arte
1074 3448 1422 3518 comparat.
1506 3434 1596 3518 In,
1637 3436 1856 3500 nostra
1905 3435 2021 3499 hac
2077 3447 2207 3500 arte
2230 3482 2255 3517 ‚
2300 3434 2386 3500 ait
2407 3484 2436 3520 ,
2481 3434 2550 3502 id

667 3553 934 3621 maxime
966 3552 1270 3636 agendum
1311 3568 1450 3635 est,
1494 3566 1567 3617 ut
1601 3570 1833 3637 pravos
1890 3550 1956 3616 in
1997 3570 2264 3635 corpore
2301 3554 2550 3639 appeti-

666 3688 771 3738 tus
840 3671 1130 3738 tollamus
1153 3717 1177 3751 ,
1259 3669 1472 3741 bonos
1534 3686 1739 3738 autem
1810 3668 2128 3739 eliciamus
2192 3683 2255 3738 et
2315 3691 2544 3755 prove·

665 3790 908 3855 hamus.
959 3788 1064 3855 Sic
1102 3789 1374 3856 musicae
1412 3787 1682 3856 officium
1732 3804 1874 3876 est,
1902 3760 2185 3857 ‘amorem
2224 3788 2291 3856 in
2331 3787 2538 3857 animo

2432 3922 2539 3974 exe

741 4039 822 4108 (ι)
863 4038 1006 4090 Tin.
1051 4058 1134 4110 ις.
1171 4041 1247 4094 D.
