2792 5167
1291 474 1718 536 .-88--·

630 673 750 737 que
802 672 967 737 quae
1022 672 1105 722 ex
1138 650 1548 734 Anmgorae
1603 650 2004 734 philosophia
2041 650 2312 718 manavit
2350 652 2486 718 elo-

627 772 927 852 quentia,
968 767 1046 834 ad
1094 765 1249 832 artis
1292 763 1575 833 *formam
1624 766 2130 852 diligentiamque
2167 768 2243 835 ab
2302 768 2493 835 Anti·

628 888 872 970 phonte
924 884 1135 951 adacta
1190 896 1329 964 est,
1391 882 1785 966 Thucydidis
1845 899 2298 969 praeceptore,
2381 884 2488 951 cui

630 1016 848 1085 gratus
886 999 1230 1084 discipulus
1289 995 1529 1065 debitas
1565 999 1781 1065 laudes
1825 1000 2087 1066 retulit:
2142 1008 2484 1088 Ἀντιφῶν,

641 1121 731 1184 ait
753 1165 778 1198 ‚
821 1123 962 1204 ἀνὴρ
1011 1121 1324 1197 Ἀθηναίων
1364 1127 1478 1186 τῶν
1515 1121 1642 1187 καθ’
1681 1120 1886 1187 ἑαυτὸν
1933 1121 2118 1201 ἀρετῇ
2153 1145 2224 1186 τε
2260 1122 2488 1194 ου’δενος

642 1237 839 1321 &sem
860 1282 885 1316 ‚
926 1237 1029 1306 xa}
1078 1236 1350 1318 κράτιςος
1403 1238 1776 1317 ἐνθυμηθῆναι
1830 1237 2138 1318 γενόμενος
2186 1236 2285 1302 καὶ
2321 1231 2367 1305 ἃ
2407 1235 2488 1306 ἂν

640 1356 807 1432 γνοίη
850 1355 1042 1422 eia-eir
1082 1347 1144 1392 ω
1257 1348 1529 1416 Exstitit
1584 1348 1866 1414 similiter
1909 1349 2183 1414 Platonis
2251 1361 2504 1444 aetate,⁷
2597 1437 2612 1444 ἡ

636 1466 863 1547 quiex
924 1484 1098 1533 novo
1120 1513 1145 1547 ,
1211 1467 1385 1548 quod
1441 1465 1765 1549 sophistae
1821 1480 2188 1550 pepererant
2210 1512 2233 1547 ‚
2275 1464 2486 1549 philo-

636 1585 950 1668 sophandi
1010 1603 1238 1669 genere
1292 1602 1518 1650 novam
1567 1581 1810 1648 dicendi
1863 1582 2164 1649 rationem
2204 1581 2503 1650 informa·

640 1715 780 1781 ret,
842 1701 1149 1766 Isocrates
1177 1745 1200 1780 ‚
1280 1699 1562 1784 Gorgiae
1618 1698 1968 1783 discipulus
2041 1700 2147 1764 <²³2
2234 1718 2496 1786 magnus

644 1816 795 1882 item
842 1829 1097 1897 orator,
1141 1816 1418 1882 omnium
1464 1834 1663 1897 vero,
1707 1816 1818 1899 qui
1859 1831 2052 1883 artem
2109 1816 2507 1899 eloquentiae

646 1947 1035 2013 tractarunt,
1077 1934 1265 2017 longe
1301 1934 1596 2016 princeps
1638 1948 1702 1998 et
1739 1931 2199 1999 celeberrimus.
2287 1932 2503 2017 Hujm

648 2046 768 2114 viri
818 2066 1002 2130 quam
1048 2050 1168 2113 late
1222 2047 1489 2128 patuerit
1537 2048 1637 2114 ‚vis
1677 2047 1743 2112 in
1799 2065 1984 2112 omne
2042 2047 2353 2113 literarum
2394 2066 2502 2132 ge·

644 2182 766 2230 nus
790 2208 817 2242 ‚
877 2180 915 2228 e
976 2163 1285 2230 Cicerone
1338 2163 1732 2248 intelligitur.
1838 2163 2009 2230 Ecce
2063 2164 2181 2230 tibi
2239 2181 2502 2234 exortus

648 2295 788 2361 ωε,
852 2278 982 2360 ait,
1047 2278 1401 2361 Isocrates,
1462 2280 1645 2363 cujus
1711 2297 1750 2345 e
1800 2280 1993 2362 lude,
2060 2294 2369 2364 tamquam
2423 2302 2503 2353 ex

650 2415 823 2492 equo
861 2396 1187 2482 Trojano,
1230 2397 1384 2463 meri
1422 2395 1739 2480 principes
1777 2397 2106 2479 exierunt3
2152 2400 2265 2465 sed
2285 2419 2506 2469 eorum

658 2513 884 2598 partim
928 2513 994 2579 in
1046 2531 1281 2598 pompa
1305 2560 1328 2594 ‚
1373 2512 1594 2595 partim
1630 2513 1693 2579 in
1737 2514 1868 2580 acie
1906 2514 2179 2582 illustres
2216 2536 2356 2585 esse
2395 2538 2514 2587 vo-

662 2633 944 2698 luerunt.
1072 2630 1294 2715 Itaque
1350 2645 1414 2697 et
1469 2631 1559 2697 illi
1583 2678 1608 2710 ,
1686 2631 2140 2716 Theopompi,
2215 2634 2460 2716 Ephori
2488 2682 2516 2720 ‚

660 2748 963 2830 Philisti,
1006 2748 1355 2815 Naucratae
1391 2748 1702 2831 multique
1750 2747 1853 2814 alii
1893 2756 2116 2819 natura
2184 2751 2512 2822 differunt:

656 2866 986 2931 voluntate
1041 2877 1246 2930 autem
1311 2862 1543 2928 similes
1597 2877 1746 2930 sunt
1770 2912 1795 2947 ‚
1855 2880 1920 2931 et
1974 2867 2138 2934 inter
2203 2887 2383 2951 sese,
2449 2885 2516 2938 et

663 2979 978 3064 magistri:
1048 2991 1111 3040 et
1174 2976 1267 3057 ii,
1330 2977 1440 3059 qui
1500 2997 1571 3047 se
1621 2981 1698 3046 ad
1750 2999 2012 3049 caussas
2060 2983 2510 3068 contulerunt,

665 3107 737 3159 ut
756 3090 1216 3158 Demosthenes
1240 3138 1265 3172 ,
1299 3092 1656 3176 Hyperides
1673 3142 1696 3176 ‚
1715 3097 2050 3185 Lycurgus
2072 3148 2097 3180 ‚
2122 3102 2467 3169 Aeschines
2484 3150 2510 3186 ‚

664 3209 1043 3279 Dinarchus
1071 3209 1303 3292 aliique
1358 3214 1760 3295 complures,
1819 3217 1938 3283 etsi
1996 3217 2155 3283 inter
2207 3236 2275 3284 se
2332 3237 2512 3301 pares

665 3347 797 3400 non
853 3327 1154 3408 fuerunt,
1198 3341 1407 3395 tamen
1471 3343 1621 3394 sunt
1678 3349 1891 3398 omnes
1954 3332 2016 3396 in
2075 3333 2291 3399 eodem
2352 3335 2525 3403 veri-

663 3447 814 3513 tatis
873 3446 1161 3512 mtandae
1211 3463 1436 3532 genere
1486 3447 1711 3513 versati
1754 3444 1842 3513 ⁰).
1941 3448 2133 3535 Quod
2175 3450 2335 3517 idem
2383 3451 2522 3519 aliis

2382 3587 2528 3637 vel·-

741 3751 823 3819 (ι)
863 3749 1038 3806 Thuc.
1073 3751 1236 3806 vm.
1270 3771 1321 3807 c.
1355 3754 1442 3809 68.
1480 3754 1567 3809 Cf.
1601 3753 1819 3836 lfauhnk·
1857 3755 2065 3826 Opuzc.
2101 3757 2231 3811 vol.
2257 3759 2307 3813 1.
2328 3777 2391 3828 p.
2409 3762 2527 3832 149·

742 3847 824 3917 (a)
863 3847 935 3901 V.
963 3850 1081 3906 Cic.
1104 3853 1172 3906 de
1201 3852 1416 3909 Senect.
1440 3873 1489 3908 ο.
1509 3853 1562 3908 5.
1667 3855 1747 3927 (5)
1786 3855 1908 3914 Cic.
1944 3856 2012 3908 de
2033 3857 2191 3909 Orat.
2227 3857 2310 3912 11.
2341 3874 2425 3911 υ.
2457 3854 2534 3910 do

670 3943 979 4002 Ruhnkeoii
1000 3954 1310 4019 conjectura
1331 3953 1538 4021 opusc.
1569 3953 1702 4009 vol.
1741 3956 1790 4009 1.
1811 3974 1870 4024 p.
1889 3955 2014 4011 555.
2047 3954 2225 4028 vulgo
2246 3954 2437 4026 legitur
2468 3955 2541 4013 in

668 4045 852 4102 ἐὕδω
880 4047 1139 4102 eviratis
1169 4049 1497 4108 imitandae»
1540 4054 1635 4112 Cf.
1667 4053 1749 4110 id.
1784 4053 1853 4108 ad
1884 4054 2057 4111 nutil.
2094 4055 2173 4111 11.
2205 4057 2259 4111 6.
2287 4071 2343 4123 po
2376 4070 2474 4124 9²·
