2792 5167
762 1398 1060 1460 VITA
1150 1400 1563 1461 BEATA.

323 1729 407 1830 F
415 1762 537 1827 icta
584 1759 839 1827 civitate
881 1759 1167 1843 optima,
1218 1729 1567 1841 exactoque
1618 1759 1694 1823 ad
1720 1779 1846 1825 eam
1888 1759 2095 1825 animo

234 1876 550 1959 hominis,
594 1878 798 1962 patuit
834 1878 958 1964 jam
994 1875 1181 1942 nobis
1205 1923 1229 1957 ,
1275 1878 1461 1960 longe
1490 1874 1928 1961 perfectiorem
1961 1897 2097 1944 esse

232 1995 473 2079 justum
516 1994 869 2072 hominem,
918 2013 1099 2076 quam
1145 1992 1494 2080 injustum,
1540 1993 1665 2059 imo
1701 2013 1898 2073 vem,
1943 2011 2095 2058 sano

240 2111 415 2176 illum
471 2113 884 2194 integroque,
957 2113 1120 2175 hunc
1186 2125 1390 2175 autem
1449 2125 1705 2193 aegroto
1768 2118 2101 2194 corrupto-

243 2248 368 2310 que
400 2228 774 2293 simillimum
808 2247 982 2293 esse:
1028 2245 1144 2292 nec
1187 2246 1335 2293 vero
1363 2226 1658 2292 affirmare
1695 2227 2098 2309 dubitamus»,

239 2348 398 2431 justi
457 2346 873 2412 conditionem
929 2347 1114 2427 longe
1161 2363 1346 2421 esse,
1413 2363 1592 2426 quam
1640 2342 1909 2428 injusti,
1963 2344 2104 2410 bea·

249 2461 492 2528 tiorem.
585 2461 708 2528 Sed
744 2464 867 2528 huc
912 2481 1051 2527 cum
1099 2460 1610 2544 pervenerimuS,
1668 2461 1753 2525 ait
1780 2463 2105 2543 Socrates,

245 2578 433 2646 ecce!
511 2581 575 2643 in
654 2581 968 2663 speculam
1035 2579 1228 2643 veluti
1286 2580 1609 2660 quamdam
1669 2576 2106 2659 escendimus,

251 2697 418 2764 unde
481 2715 612 2762 non
654 2714 888 2762 tantum
933 2696 1229 2778 optimam
1278 2694 1441 2759 illam
1485 2679 1924 2778 rempublicam
1957 2711 2108 2759 con·

246 2814 536 2897 spicere,
604 2814 715 2879 sed
780 2812 1038 2894 adsequi
1102 2813 1282 2878 etiam
1346 2813 1538 2891 licet,
1586 2812 2106 2894 quemadmodum

243 2946 721 3012 corrumpantur
768 2930 1049 2997 civitates
1103 2947 1291 3013 atque
1346 2933 1425 2998 ad
1476 2933 1803 3014 pessimam
1843 2929 2111 2996 conditi·

245 3067 433 3114 onem
471 3047 854 3114 delabantur.
944 3050 1081 3132 Age
1116 3048 1342 3130 igitur,
1390 3047 1596 3130 inquit
1622 3097 1644 3131 ‚
1690 3049 1812 3115 huc
1844 3049 2108 3129 accede,

249 3189 290 3230 o
328 3144 619 3246 GlaucO,
679 3181 748 3231 ut
793 3167 1049 3247 videa,
1111 3182 1270 3248 quot
1318 3165 1538 3231 habeat
1582 3166 1820 3249 species
1860 3167 2108 3231 vitium.

249 3282 379 3348 Cui
411 3283 702 3362 Glauc0,
747 3303 865 3368 ego
901 3301 1098 3370 vero,
1146 3281 1392 3364 inquit,
1438 3302 1694 3364 sequor.
1741 3283 1860 3349 Dic
1894 3283 2105 3348 modo,

252 3400 420 3465 Tum
448 3399 772 3483 Socrates,
809 3419 956 3467 sane
979 3418 1120 3465 cum
1145 3400 1268 3465 huc
1292 3399 1791 3478 escenderimus‚
1827 3417 1944 3464 una
1965 3398 2116 3465 mihi

249 3536 387 3583 esse
426 3517 672 3584 videtur
710 3519 959 3584 virtutis
1000 3517 1244 3602 species
1273 3565 1297 3600 ,
1365 3516 1689 3602 pravitatis
1737 3536 1884 3582 vero
1930 3517 2112 3584 innu-

253 3653 502 3717 merae3
550 3651 953 3701 veruntamen
995 3653 1264 3719 quatuor
1308 3651 1456 3701 sunt
1497 3633 1805 3712 maxime,
1855 3651 2114 3714 quarum

253 3752 489 3818 mentio
542 3750 820 3819 facienda
877 3756 987 3820 sit.
1050 3791 1141 3806 --
1223 3753 1563 3842 Quomodo
1628 3752 1799 3817 istud
1837 3751 1982 3816 als?
2027 3784 2118 3802 —

259 3887 416 3953 quot
456 3887 606 3935 sunt
647 3870 1237 3955 rerumpublicarum
1263 3919 1287 3953 ,
1331 3886 1430 3936 tot
1474 3889 1614 3936 esse
1649 3870 1837 3936 animi
1876 3865 2120 3952 species

253 3988 573 4057 videntur.
618 4026 707 4043 —
746 3990 978 4076 Quot?
1020 4025 1109 4042 -
1152 3990 1433 4075 quinque
1478 3983 2118 4073 rerumpublicarum,

1940 4119 2124 4187 qum·
