2792 5167
1507 475 1622 501 ··-
1657 447 1874 516 28-

742 613 984 720 ‘pariter
1049 647 1119 698 ac
1181 626 1464 697 maximis
1521 625 1955 711 explorandis:
2026 626 2265 710 quippe
2323 627 2436 711 qui
2487 628 2600 694 sibi

743 770 922 836 opus
985 744 1388 832 proposuerit
1413 791 1438 826 ‚
1495 744 1672 827 quod
1719 742 1811 809 sic
1867 742 2196 827 perficeret
2217 791 2243 826 ,
2291 759 2370 811 ut
2415 746 2603 829 quoad

654 877 659 882 ’
744 869 887 952 'ejus
922 864 987 929 in
1032 865 1146 929 hac
1191 860 1466 928 hominis
1513 859 1937 928 imbecillitate
1985 860 2122 927 fieri
2161 862 2415 945 liceret,
2458 862 2606 930 desi-

740 984 1065 1048 deraretur
1115 979 1313 1045 nihil:

805 1096 939 1161 Nil
946 1109 1159 1161 actum
1176 1110 1477 1183 reputans
1496 1141 1521 1175 ‚
1539 1094 1688 1161 dum
1709 1093 1872 1182 quid
1879 1112 2214 1184 superesset
2227 1098 2554 1183 agendam.

720 1212 946 1299 ‘Quod
980 1226 1184 1277 autem
1214 1230 1347 1277 non
1398 1225 1656 1298 secutus
1711 1225 1810 1277 est
1846 1211 2122 1295 prudens
2167 1231 2314 1295 sane
2354 1213 2612 1280 Valckes-

733 1329 906 1398 narii
955 1327 1295 1395 consilium
1315 1377 1341 1413 ‚
1416 1343 1547 1395 erat
1590 1327 1694 1397 hic
1741 1328 1853 1395 illo
1905 1343 2188 1414 tempore
2243 1349 2564 1399 senescens
2585 1380 2613 1414 ‚

734 1447 1284 1532 ·Wyttenbach.ius
1314 1465 1472 1514 vero
1533 1446 1601 1514 in
1637 1447 1783 1531 ipso
1819 1446 2169 1533 juventutis
2224 1448 2382 1514 flore
2427 1463 2489 1513 et
2521 1449 2616 1515 vi·

737 1582 899 1648 got-e
915 1612 941 1648 ‚
982 1580 1058 1631 ut
1112 1565 1465 1649 susciperet
1499 1562 1685 1632 facile
1707 1613 1735 1647 ‚
1798 1564 1976 1647 qnod
2014 1579 2182 1631 aetas
2240 1565 2619 1634 dissuaderet

738 1682 1071 1748 maturior.
1158 1682 1303 1763 Ego
1344 1699 1503 1745 vero
1549 1682 1821 1746 admiror
1869 1681 1937 1744 in
1975 1682 2107 1746 hoc
2165 1682 2307 1765 ipso
2367 1682 2621 1764 negotio

736 1793 870 1862 viri
945 1795 1225 1862 studium
1286 1809 1348 1861 et
1409 1796 1692 1862 ardorem
1765 1796 2382 1864 vehementissimum
2405 1843 2433 1877 ,
2508 1799 2622 1880 qui

734 1930 877 1984 non
901 1959 928 1995 ‚
969 1928 1044 1980 ut
1087 1912 1249 1979 levia
1288 1912 1581 1996 ingenia,
1627 1911 1789 1979 levia
1822 1914 2214 1997 susciperet,
2257 1917 2371 1981 sed
2408 1930 2625 1986 natum

732 2016 819 2099 ‘se
856 2031 1135 2099 sentiens
1173 2030 1255 2098 ad
1297 2049 1520 2114 magna
1559 2031 1767 2097 omnia
1823 2045 1888 2098 et
1928 2032 2417 2116 praeclarissima
2435 2080 2460 2116 ,
2493 2032 2626 2100 dif-

727 2147 1134 2217 ficultatibus
1204 2167 1336 2215 non
1397 2149 1847 2215 absterreretur
1871 2195 1896 2231 ,
1999 2150 2174 2215 hisce
2225 2170 2379 2216 vero
2429 2150 2624 2232 magis

736 2267 932 2333 etiam
998 2265 1368 2334 excitaretur
1430 2265 1512 2331 ad
1579 2263 1833 2332 insitam
1901 2263 2036 2332 vim
2111 2283 2362 2336 omnem
2435 2279 2623 2336 vasto

740 2382 926 2468 operi
958 2382 1399 2450 adhibendam.
1489 2382 1746 2469 Quodsi
1779 2384 2049 2467 legimus
2088 2384 2158 2450 in
2195 2383 2406 2470 operis
2448 2402 2626 2472 prae-

730 2498 981 2567 fatione
999 2545 1025 2582 ,
1094 2515 1256 2583 quot
1320 2515 1721 2583 quantosque
1786 2500 1853 2565 in
1920 2500 2019 2567 his
2045 2545 2071 2582 ,
2116 2475 2275 2583 <inae
2315 2498 2627 2585 perfecit,

732 2614 1149 2686 enuntiaverit
1200 2614 1484 2698 labores,
1525 2615 1824 2682 miremur
1861 2634 2009 2683 sane
2058 2616 2474 2684 constantiam
2528 2618 2632 2682 vi-

732 2731 803 2797 ·ri
864 2745 929 2797 et
994 2730 1391 2817 pertinaciam
1417 2777 1442 2812 ‚
1509 2730 1636 2798 nisi
1692 2732 2042 2817 cogitemus
2106 2735 2340 2820 simul,
2414 2751 2631 2810 amore

728 2850 927 2918 illum
968 2849 1234 2916 ductum
1274 2848 1802 2933 sublevatumque
1847 2849 2048 2920 fuisse
2091 2854 2450 2937 literarum,
2494 2853 2646 2928 imo.

730 2967 1026 3038 :Platonis
1072 2987 1322 3050 amore,
1383 2968 1496 3050 qui
1533 2968 1625 3032 nil
1675 2987 1809 3035 non
1850 2984 1914 3035 et
1953 2971 2244 3054 profligat
2281 2986 2347 3037 et
2395 2971 2627 3044 vincit.

732 3135 745 3144 .
831 3081 993 3148 Late
1046 3082 1298 3164 patebat
1345 3082 1824 3164 wyttenbachii
1867 3086 2148 3152 doctrina
2170 3134 2196 3168 ‚
2259 3089 2428 3156 haud
2471 3098 2634 3156 ‘erc-

734 3196 1022 3266 rioribus
1083 3210 1379 3264 contenta
1429 3196 1664 3266 finibus
1682 3246 1709 3282 ‚
1776 3220 1960 3283 quam
2027 3203 2246 3288 ingens
2294 3207 2638 3280 Plutarchi

746 3317 1232 3398 πολυμάθειω
1253 3361 1281 3395 ,
1327 3334 1516 3397 quam
1567 3334 1647 3382 ex
1689 3318 1978 3384 tmiversa
2023 3320 2394 3404 antiquitate
2442 3322 2638 3393 illus-

730 3433 1025 3502 (rendam
1076 3446 1408 3499 sumserat.
1492 3431 1582 3500 Et
1623 3434 1835 3515 prouti
1880 3436 2252 3504 Plutarchus
2278 3486 2303 3520 ‚
2347 3438 2441 3507 sic
2485 3439 2638 3526 ipse

732 3571 879 3622 um
924 3547 1286 3617 mirabiliter
1326 3547 1508 3630 quasi
1546 3546 1964 3624 foecundabat
2019 3555 2633 3641 commendabatque

730 3667 1059 3754 §udicandi
1094 3663 1444 3734 subtilitate
1462 3712 1489 3747 ‚
1529 3664 1876 3735 disserendi
1925 3668 2297 3755 diligentia,
2339 3674 2636 3752 scribena-

732 3784 813 3862 ,di
854 3785 1073 3851 ordine
1131 3799 1196 3852 et
1252 3784 1580 3868 elegantia.
1665 3785 1967 3854 Criticam
2018 3804 2226 3860 autem
2290 3789 2383 3858 sic
2439 3791 2635 3858 insti-

728 3899 873 3969 tuit
896 3945 920 3980 ‚
981 3915 1057 3968 ut
1119 3899 1279 3984 quid
1322 3900 1519 3985 magis
1579 3901 1953 3970 admiremur
2019 3905 2380 3974 dubitemus
2438 3907 2634 3992 fere,

732 4012 1105 4092 interiorem
1140 4014 1448 4090 ,Graecae
1494 4016 1884 4102 Latinaeque
1939 4019 2187 4105 linguae
2247 4020 2632 4110 scientiam..

2543 4158 2638 4208 an
