<?xml version="1.0" encoding="UTF-8"?>
<!DOCTYPE html PUBLIC "-//W3C//DTD XHTML 1.0 Transitional//EN"
    "http://www.w3.org/TR/xhtml1/DTD/xhtml1-transitional.dtd">
<html xmlns="http://www.w3.org/1999/xhtml" xml:lang="en" lang="en">
 <head>
  <title>
</title>
<meta http-equiv="Content-Type" content="text/html;charset=utf-8" />
  <meta name='ocr-system' content='tesseract 3.04.00' />
  <meta name='ocr-capabilities' content='ocr_page ocr_carea ocr_par ocr_line ocrx_word'/>
</head>
<body>
  <div class='ocr_page' id='page_1' title='image "./initiaphilosoph05heusgoog_0450.png"; bbox 0 0 2792 5167; ppageno 0'>
   <div class='ocr_carea' id='block_1_1' title="bbox 984 501 1335 566">
    <p class='ocr_par' dir='ltr' id='par_1_1' title="bbox 984 501 1335 566">
     <span class='ocr_line' id='line_1_1' title="bbox 984 501 1335 566; baseline 0.003 -19"><span class='ocrx_word' id='word_1_1' title='bbox 984 501 1335 566; x_wconf 59' lang='grc' dir='ltr'>..μ-</span> 
     </span>
    </p>
   </div>
   <div class='ocr_carea' id='block_1_2' title="bbox 170 663 2089 3440">
    <p class='ocr_par' dir='ltr' id='par_1_2' title="bbox 170 663 2089 3440">
     <span class='ocr_line' id='line_1_2' title="bbox 215 663 2084 751; baseline -0.001 -14"><span class='ocrx_word' id='word_1_2' title='bbox 215 673 562 751; x_wconf 55' lang='grc' dir='ltr'>ξὀίχεῒαι</span> <span class='ocrx_word' id='word_1_3' title='bbox 615 666 949 738; x_wconf 68' lang='grc' dir='ltr'><strong><em>πάντων</em></strong></span> <span class='ocrx_word' id='word_1_4' title='bbox 999 664 1224 736; x_wconf 65' lang='grc' dir='ltr'><strong><em>εἶναι</em></strong></span> <span class='ocrx_word' id='word_1_5' title='bbox 1285 667 1596 750; x_wconf 52' lang='lat' dir='ltr'>&amp;infin</span> <span class='ocrx_word' id='word_1_6' title='bbox 1636 666 1730 733; x_wconf 61' lang='grc' dir='ltr'>εΨ.</span> <span class='ocrx_word' id='word_1_7' title='bbox 1818 663 1923 744; x_wconf 68' lang='lat' dir='ltr'>Ab</span> <span class='ocrx_word' id='word_1_8' title='bbox 1980 664 2084 747; x_wconf 65' lang='lat' dir='ltr'>his</span> 
     </span>
     <span class='ocr_line' id='line_1_3' title="bbox 211 777 2089 865; baseline 0.002 -19"><span class='ocrx_word' id='word_1_9' title='bbox 211 779 312 852; x_wconf 84' lang='lat' dir='ltr'>illi</span> <span class='ocrx_word' id='word_1_10' title='bbox 364 777 692 865; x_wconf 75' lang='lat' dir='ltr'>principiis</span> <span class='ocrx_word' id='word_1_11' title='bbox 741 777 924 858; x_wconf 85' lang='lat' dir='ltr'>orsi,</span> <span class='ocrx_word' id='word_1_12' title='bbox 968 796 1411 862; x_wconf 87' lang='lat' dir='ltr'>quaecumque</span> <span class='ocrx_word' id='word_1_13' title='bbox 1471 779 1632 865; x_wconf 84' lang='lat' dir='ltr'>ipsis</span> <span class='ocrx_word' id='word_1_14' title='bbox 1676 781 2089 856; x_wconf 77' lang='lat' dir='ltr'>occurrebant</span> 
     </span>
     <span class='ocr_line' id='line_1_4' title="bbox 207 894 2081 994; baseline -0.002 -26"><span class='ocrx_word' id='word_1_15' title='bbox 207 911 347 968; x_wconf 77' lang='lat' dir='ltr'>non</span> <span class='ocrx_word' id='word_1_16' title='bbox 405 896 692 966; x_wconf 78' lang='lat' dir='ltr'>sensibus</span> <span class='ocrx_word' id='word_1_17' title='bbox 745 894 1190 980; x_wconf 85' lang='lat' dir='ltr'>percipienda,</span> <span class='ocrx_word' id='word_1_18' title='bbox 1271 896 1386 964; x_wconf 84' lang='lat' dir='ltr'>sed</span> <span class='ocrx_word' id='word_1_19' title='bbox 1442 898 1588 968; x_wconf 66' lang='grc' dir='ltr'>ὄντα</span> <span class='ocrx_word' id='word_1_20' title='bbox 1650 911 1853 964; x_wconf 89' lang='lat' dir='ltr'>tamen</span> <span class='ocrx_word' id='word_1_21' title='bbox 1872 944 1897 980; x_wconf 94' lang='lat'>,</span> <span class='ocrx_word' id='word_1_22' title='bbox 1980 897 2081 994; x_wconf 74' lang='lat' dir='ltr'>liis</span> 
     </span>
     <span class='ocr_line' id='line_1_5' title="bbox 208 1012 2079 1098; baseline 0.002 -20"><span class='ocrx_word' id='word_1_23' title='bbox 208 1014 314 1078; x_wconf 82' lang='lat' dir='ltr'>vel</span> <span class='ocrx_word' id='word_1_24' title='bbox 369 1029 693 1078; x_wconf 84' lang='lat' dir='ltr'>numerum</span> <span class='ocrx_word' id='word_1_25' title='bbox 771 1012 876 1080; x_wconf 86' lang='lat' dir='ltr'>vel</span> <span class='ocrx_word' id='word_1_26' title='bbox 943 1025 1178 1080; x_wconf 78' lang='lat' dir='ltr'>certam</span> <span class='ocrx_word' id='word_1_27' title='bbox 1250 1030 1660 1081; x_wconf 89' lang='lat' dir='ltr'>numerorum</span> <span class='ocrx_word' id='word_1_28' title='bbox 1731 1014 2029 1082; x_wconf 86' lang='lat' dir='ltr'>rationem</span> <span class='ocrx_word' id='word_1_29' title='bbox 2051 1062 2079 1098; x_wconf 88' lang='lat'><strong>‚</strong></span> 
     </span>
     <span class='ocr_line' id='line_1_6' title="bbox 202 1129 2082 1217; baseline 0.004 -24"><span class='ocrx_word' id='word_1_30' title='bbox 202 1130 680 1212; x_wconf 78' lang='lat' dir='ltr'>proportionem</span> <span class='ocrx_word' id='word_1_31' title='bbox 703 1174 730 1210; x_wconf 88' lang='lat'>‚</span> <span class='ocrx_word' id='word_1_32' title='bbox 814 1132 999 1208; x_wconf 67' lang='grc' dir='ltr'><strong><em>πάθος</em></strong></span> <span class='ocrx_word' id='word_1_33' title='bbox 1059 1129 1320 1200; x_wconf 90' lang='lat' dir='ltr'>omnino</span> <span class='ocrx_word' id='word_1_34' title='bbox 1343 1175 1370 1213; x_wconf 88' lang='lat'>‚</span> <span class='ocrx_word' id='word_1_35' title='bbox 1425 1144 1743 1215; x_wconf 81' lang='lat' dir='ltr'>tamquam</span> <span class='ocrx_word' id='word_1_36' title='bbox 1806 1147 2031 1217; x_wconf 79' lang='lat' dir='ltr'>typum</span> <span class='ocrx_word' id='word_1_37' title='bbox 2056 1177 2082 1215; x_wconf 83' lang='lat'><strong>,</strong></span> 
     </span>
     <span class='ocr_line' id='line_1_7' title="bbox 193 1245 2085 1335; baseline 0.001 -21"><span class='ocrx_word' id='word_1_38' title='bbox 193 1245 663 1314; x_wconf 73' lang='lat' dir='ltr'><strong>adscribebant.</strong></span> <span class='ocrx_word' id='word_1_39' title='bbox 751 1245 1067 1334; x_wconf 75' lang='lat' dir='ltr'>Quocirca</span> <span class='ocrx_word' id='word_1_40' title='bbox 1097 1263 1170 1316; x_wconf 90' lang='lat' dir='ltr'>ut</span> <span class='ocrx_word' id='word_1_41' title='bbox 1205 1247 1355 1316; x_wconf 88' lang='lat' dir='ltr'>item</span> <span class='ocrx_word' id='word_1_42' title='bbox 1389 1246 1649 1316; x_wconf 80' lang='lat' dir='ltr'>affirmat</span> <span class='ocrx_word' id='word_1_43' title='bbox 1684 1250 1847 1320; x_wconf 82' lang='lat' dir='ltr'>idem</span> <span class='ocrx_word' id='word_1_44' title='bbox 1878 1251 2085 1335; x_wconf 78' lang='lat' dir='ltr'>scrip-</span> 
     </span>
     <span class='ocr_line' id='line_1_8' title="bbox 194 1364 2082 1451; baseline 0.003 -19"><span class='ocrx_word' id='word_1_45' title='bbox 194 1379 297 1432; x_wconf 85' lang='lat' dir='ltr'>tor</span> <span class='ocrx_word' id='word_1_46' title='bbox 314 1409 342 1445; x_wconf 93' lang='lat'>,</span> <span class='ocrx_word' id='word_1_47' title='bbox 411 1364 550 1431; x_wconf 84' lang='lat' dir='ltr'>aliis</span> <span class='ocrx_word' id='word_1_48' title='bbox 617 1364 1051 1451; x_wconf 80' lang='lat' dir='ltr'>significarunt</span> <span class='ocrx_word' id='word_1_49' title='bbox 1116 1365 1254 1433; x_wconf 86' lang='lat' dir='ltr'>sive</span> <span class='ocrx_word' id='word_1_50' title='bbox 1307 1367 1588 1436; x_wconf 86' lang='lat' dir='ltr'>numeris</span> <span class='ocrx_word' id='word_1_51' title='bbox 1642 1368 1783 1433; x_wconf 89' lang='lat' dir='ltr'>sive</span> <span class='ocrx_word' id='word_1_52' title='bbox 1826 1368 2082 1440; x_wconf 67' lang='lat' dir='ltr'>ration}-</span> 
     </span>
     <span class='ocr_line' id='line_1_9' title="bbox 189 1478 2083 1567; baseline 0.004 -21"><span class='ocrx_word' id='word_1_53' title='bbox 189 1478 314 1548; x_wconf 91' lang='lat' dir='ltr'>bus</span> <span class='ocrx_word' id='word_1_54' title='bbox 369 1480 682 1565; x_wconf 81' lang='lat' dir='ltr'>iustitiam</span> <span class='ocrx_word' id='word_1_55' title='bbox 703 1527 730 1561; x_wconf 88' lang='lat'><strong>‚</strong></span> <span class='ocrx_word' id='word_1_56' title='bbox 786 1481 923 1548; x_wconf 86' lang='lat' dir='ltr'>aliis</span> <span class='ocrx_word' id='word_1_57' title='bbox 970 1480 1244 1548; x_wconf 79' lang='lat' dir='ltr'>animum</span> <span class='ocrx_word' id='word_1_58' title='bbox 1267 1526 1292 1562; x_wconf 93' lang='lat'>,</span> <span class='ocrx_word' id='word_1_59' title='bbox 1336 1481 1472 1547; x_wconf 82' lang='lat' dir='ltr'>aliis</span> <span class='ocrx_word' id='word_1_60' title='bbox 1517 1497 1792 1567; x_wconf 86' lang='lat' dir='ltr'>tempus.</span> <span class='ocrx_word' id='word_1_61' title='bbox 1878 1485 2083 1556; x_wconf 72' lang='lat' dir='ltr'>Acce-</span> 
     </span>
     <span class='ocr_line' id='line_1_10' title="bbox 194 1595 2081 1683; baseline 0.004 -22"><span class='ocrx_word' id='word_1_62' title='bbox 194 1595 434 1661; x_wconf 81' lang='lat' dir='ltr'>debant</span> <span class='ocrx_word' id='word_1_63' title='bbox 483 1613 894 1663; x_wconf 87' lang='lat' dir='ltr'>numerorum</span> <span class='ocrx_word' id='word_1_64' title='bbox 937 1597 1434 1681; x_wconf 77' lang='lat' dir='ltr'>proportiones,</span> <span class='ocrx_word' id='word_1_65' title='bbox 1475 1603 1823 1683; x_wconf 53' lang='lat' dir='ltr'>dpmvmia„</span> <span class='ocrx_word' id='word_1_66' title='bbox 1848 1600 2081 1682; x_wconf 77' lang='lat' dir='ltr'>quibus</span> 
     </span>
     <span class='ocr_line' id='line_1_11' title="bbox 191 1711 2084 1797; baseline 0.002 -18"><span class='ocrx_word' id='word_1_67' title='bbox 191 1730 408 1779; x_wconf 85' lang='lat' dir='ltr'>rerum</span> <span class='ocrx_word' id='word_1_68' title='bbox 477 1711 815 1797; x_wconf 83' lang='lat' dir='ltr'>ipsiusque</span> <span class='ocrx_word' id='word_1_69' title='bbox 859 1713 1142 1780; x_wconf 88' lang='lat' dir='ltr'>universi</span> <span class='ocrx_word' id='word_1_70' title='bbox 1204 1727 1483 1779; x_wconf 84' lang='lat' dir='ltr'>naturam</span> <span class='ocrx_word' id='word_1_71' title='bbox 1530 1730 1593 1780; x_wconf 89' lang='lat' dir='ltr'>et</span> <span class='ocrx_word' id='word_1_72' title='bbox 1647 1714 2084 1782; x_wconf 66' lang='lat' dir='ltr'>commmatio-</span> 
     </span>
     <span class='ocr_line' id='line_1_12' title="bbox 188 1828 2081 1914; baseline -0.003 -19"><span class='ocrx_word' id='word_1_73' title='bbox 188 1846 307 1895; x_wconf 86' lang='lat' dir='ltr'>nes</span> <span class='ocrx_word' id='word_1_74' title='bbox 363 1828 794 1913; x_wconf 74' lang='lat' dir='ltr'>explicabant.</span> <span class='ocrx_word' id='word_1_75' title='bbox 889 1831 1043 1914; x_wconf 84' lang='lat' dir='ltr'>Quo</span> <span class='ocrx_word' id='word_1_76' title='bbox 1114 1828 1530 1914; x_wconf 85' lang='lat' dir='ltr'>intelligitur,</span> <span class='ocrx_word' id='word_1_77' title='bbox 1594 1844 1900 1913; x_wconf 78' lang='lat' dir='ltr'>quantum</span> <span class='ocrx_word' id='word_1_78' title='bbox 1956 1833 2081 1900; x_wconf 83' lang='lat' dir='ltr'>ob.</span> 
     </span>
     <span class='ocr_line' id='line_1_13' title="bbox 187 1945 2072 2034; baseline 0.002 -21"><span class='ocrx_word' id='word_1_79' title='bbox 187 1946 516 2013; x_wconf 82' lang='lat' dir='ltr'>scm-itatis</span> <span class='ocrx_word' id='word_1_80' title='bbox 552 1946 922 2013; x_wconf 85' lang='lat' dir='ltr'>contrahere</span> <span class='ocrx_word' id='word_1_81' title='bbox 948 1945 1234 2013; x_wconf 82' lang='lat' dir='ltr'>debuerit</span> <span class='ocrx_word' id='word_1_82' title='bbox 1261 1965 1481 2016; x_wconf 82' lang='lat' dir='ltr'>eorum</span> <span class='ocrx_word' id='word_1_83' title='bbox 1523 1948 1844 2026; x_wconf 59' lang='lat' dir='ltr'>doctrinar</span> <span class='ocrx_word' id='word_1_84' title='bbox 1883 1970 2072 2034; x_wconf 79' lang='lat' dir='ltr'>quam</span> 
     </span>
     <span class='ocr_line' id='line_1_14' title="bbox 182 2060 2080 2160; baseline 0.001 -29"><span class='ocrx_word' id='word_1_85' title='bbox 182 2063 398 2160; x_wconf 23' lang='lat' dir='ltr'>fuerit·</span> <span class='ocrx_word' id='word_1_86' title='bbox 437 2061 716 2148; x_wconf 80' lang='lat' dir='ltr'>posteris</span> <span class='ocrx_word' id='word_1_87' title='bbox 758 2060 982 2143; x_wconf 84' lang='lat' dir='ltr'>facile,</span> <span class='ocrx_word' id='word_1_88' title='bbox 1028 2061 1141 2143; x_wconf 91' lang='lat' dir='ltr'>qui</span> <span class='ocrx_word' id='word_1_89' title='bbox 1176 2061 1540 2146; x_wconf 84' lang='lat' dir='ltr'>ignorarent</span> <span class='ocrx_word' id='word_1_90' title='bbox 1566 2062 1893 2130; x_wconf 89' lang='lat' dir='ltr'>doctrinae</span> <span class='ocrx_word' id='word_1_91' title='bbox 1925 2085 2080 2149; x_wconf 86' lang='lat' dir='ltr'>pro·</span> 
     </span>
     <span class='ocr_line' id='line_1_15' title="bbox 183 2179 2073 2264; baseline 0.003 -20"><span class='ocrx_word' id='word_1_92' title='bbox 183 2182 475 2264; x_wconf 86' lang='lat' dir='ltr'>positum</span> <span class='ocrx_word' id='word_1_93' title='bbox 503 2226 527 2260; x_wconf 87' lang='lat'><strong>‚</strong></span> <span class='ocrx_word' id='word_1_94' title='bbox 585 2179 857 2262; x_wconf 86' lang='lat' dir='ltr'>speciem</span> <span class='ocrx_word' id='word_1_95' title='bbox 897 2179 1109 2263; x_wconf 74' lang='lat' dir='ltr'>¹vulgo</span> <span class='ocrx_word' id='word_1_96' title='bbox 1176 2192 1496 2245; x_wconf 86' lang='lat' dir='ltr'>ostentare</span> <span class='ocrx_word' id='word_1_97' title='bbox 1549 2180 1911 2247; x_wconf 74' lang='lat' dir='ltr'>recondime</span> <span class='ocrx_word' id='word_1_98' title='bbox 1974 2199 2073 2249; x_wconf 81' lang='lat' dir='ltr'>sa-</span> 
     </span>
     <span class='ocr_line' id='line_1_16' title="bbox 185 2294 2070 2382; baseline 0.001 -19"><span class='ocrx_word' id='word_1_99' title='bbox 185 2296 510 2382; x_wconf 81' lang='lat' dir='ltr'>pientiae:</span> <span class='ocrx_word' id='word_1_100' title='bbox 558 2315 744 2379; x_wconf 87' lang='lat' dir='ltr'>quam</span> <span class='ocrx_word' id='word_1_101' title='bbox 806 2295 957 2363; x_wconf 90' lang='lat' dir='ltr'>item</span> <span class='ocrx_word' id='word_1_102' title='bbox 1020 2295 1207 2362; x_wconf 90' lang='lat' dir='ltr'>nobis</span> <span class='ocrx_word' id='word_1_103' title='bbox 1258 2294 1347 2361; x_wconf 85' lang='lat' dir='ltr'>sit</span> <span class='ocrx_word' id='word_1_104' title='bbox 1402 2294 1703 2378; x_wconf 79' lang='lat' dir='ltr'>difficile,</span> <span class='ocrx_word' id='word_1_105' title='bbox 1740 2295 1870 2361; x_wconf 87' lang='lat' dir='ltr'>imo</span> <span class='ocrx_word' id='word_1_106' title='bbox 1910 2314 2070 2365; x_wconf 82' lang='lat' dir='ltr'>vero</span> 
     </span>
     <span class='ocr_line' id='line_1_17' title="bbox 186 2410 2070 2497; baseline 0.002 -18"><span class='ocrx_word' id='word_1_107' title='bbox 186 2429 454 2497; x_wconf 88' lang='lat' dir='ltr'>superet</span> <span class='ocrx_word' id='word_1_108' title='bbox 507 2414 689 2496; x_wconf 86' lang='lat' dir='ltr'>plane</span> <span class='ocrx_word' id='word_1_109' title='bbox 733 2410 1089 2479; x_wconf 86' lang='lat' dir='ltr'>facultatem</span> <span class='ocrx_word' id='word_1_110' title='bbox 1137 2423 1463 2495; x_wconf 85' lang='lat' dir='ltr'>nostram,</span> <span class='ocrx_word' id='word_1_111' title='bbox 1507 2413 1721 2482; x_wconf 88' lang='lat' dir='ltr'>lumen</span> <span class='ocrx_word' id='word_1_112' title='bbox 1771 2414 2070 2483; x_wconf 81' lang='lat' dir='ltr'>adhibere</span> 
     </span>
     <span class='ocr_line' id='line_1_18' title="bbox 182 2529 2066 2619; baseline 0.002 -22"><span class='ocrx_word' id='word_1_113' title='bbox 182 2531 467 2597; x_wconf 87' lang='lat' dir='ltr'>tenebris</span> <span class='ocrx_word' id='word_1_114' title='bbox 527 2530 691 2596; x_wconf 89' lang='lat' dir='ltr'>istis.</span> <span class='ocrx_word' id='word_1_115' title='bbox 777 2529 948 2595; x_wconf 88' lang='lat' dir='ltr'>Nam</span> <span class='ocrx_word' id='word_1_116' title='bbox 995 2529 1239 2612; x_wconf 88' lang='lat' dir='ltr'>optimo</span> <span class='ocrx_word' id='word_1_117' title='bbox 1302 2532 1639 2615; x_wconf 83' lang='lat' dir='ltr'>proposito</span> <span class='ocrx_word' id='word_1_118' title='bbox 1686 2533 2066 2619; x_wconf 79' lang='lat' dir='ltr'>Pythagorei</span> 
     </span>
     <span class='ocr_line' id='line_1_19' title="bbox 180 2645 2067 2731; baseline 0.002 -17"><span class='ocrx_word' id='word_1_119' title='bbox 180 2667 328 2714; x_wconf 86' lang='lat' dir='ltr'>cum</span> <span class='ocrx_word' id='word_1_120' title='bbox 377 2646 686 2731; x_wconf 86' lang='lat' dir='ltr'>optimam</span> <span class='ocrx_word' id='word_1_121' title='bbox 747 2645 1085 2727; x_wconf 88' lang='lat' dir='ltr'>quaerendi</span> <span class='ocrx_word' id='word_1_122' title='bbox 1142 2646 1447 2712; x_wconf 88' lang='lat' dir='ltr'>rationem</span> <span class='ocrx_word' id='word_1_123' title='bbox 1499 2647 1828 2715; x_wconf 80' lang='lat' dir='ltr'>instituere</span> <span class='ocrx_word' id='word_1_124' title='bbox 1877 2670 2067 2718; x_wconf 81' lang='lat' dir='ltr'>cona·</span> 
     </span>
     <span class='ocr_line' id='line_1_20' title="bbox 180 2736 2065 2846; baseline 0.004 -17"><span class='ocrx_word' id='word_1_125' title='bbox 180 2782 405 2831; x_wconf 88' lang='lat' dir='ltr'>rentur</span> <span class='ocrx_word' id='word_1_126' title='bbox 427 2812 453 2846; x_wconf 86' lang='lat'><strong>‚</strong></span> <span class='ocrx_word' id='word_1_127' title='bbox 500 2764 566 2829; x_wconf 91' lang='lat' dir='ltr'>in</span> <span class='ocrx_word' id='word_1_128' title='bbox 625 2763 770 2846; x_wconf 88' lang='lat' dir='ltr'>ipso</span> <span class='ocrx_word' id='word_1_129' title='bbox 827 2762 969 2828; x_wconf 86' lang='lat' dir='ltr'>viae</span> <span class='ocrx_word' id='word_1_130' title='bbox 1023 2760 1312 2846; x_wconf 83' lang='lat' dir='ltr'>ingressu</span> <span class='ocrx_word' id='word_1_131' title='bbox 1365 2736 1767 2832; x_wconf 74' lang='lat' dir='ltr'>numerorum</span> <span class='ocrx_word' id='word_1_132' title='bbox 1806 2767 2065 2836; x_wconf 79' lang='lat' dir='ltr'>veritate</span> 
     </span>
     <span class='ocr_line' id='line_1_21' title="bbox 184 2878 2065 2965; baseline 0.003 -19"><span class='ocrx_word' id='word_1_133' title='bbox 184 2882 358 2965; x_wconf 88' lang='lat' dir='ltr'>capti</span> <span class='ocrx_word' id='word_1_134' title='bbox 388 2924 418 2959; x_wconf 91' lang='lat'><strong>‚</strong></span> <span class='ocrx_word' id='word_1_135' title='bbox 482 2896 729 2960; x_wconf 86' lang='lat' dir='ltr'>eosque</span> <span class='ocrx_word' id='word_1_136' title='bbox 781 2890 1093 2944; x_wconf 82' lang='lat' dir='ltr'>sectantes</span> <span class='ocrx_word' id='word_1_137' title='bbox 1149 2878 1380 2961; x_wconf 84' lang='lat' dir='ltr'>unice,</span> <span class='ocrx_word' id='word_1_138' title='bbox 1452 2880 1519 2945; x_wconf 92' lang='lat' dir='ltr'>in</span> <span class='ocrx_word' id='word_1_139' title='bbox 1571 2879 1747 2947; x_wconf 84' lang='lat' dir='ltr'>devia</span> <span class='ocrx_word' id='word_1_140' title='bbox 1802 2879 2065 2952; x_wconf 74' lang='lat' dir='ltr'>deflexe-</span> 
     </span>
     <span class='ocr_line' id='line_1_22' title="bbox 177 2994 2062 3079; baseline 0.002 -14"><span class='ocrx_word' id='word_1_141' title='bbox 177 3013 335 3065; x_wconf 87' lang='lat' dir='ltr'>runt</span> <span class='ocrx_word' id='word_1_142' title='bbox 400 3009 472 3061; x_wconf 90' lang='lat' dir='ltr'>et</span> <span class='ocrx_word' id='word_1_143' title='bbox 519 2994 789 3061; x_wconf 84' lang='lat' dir='ltr'>asburda</span> <span class='ocrx_word' id='word_1_144' title='bbox 847 2994 1098 3077; x_wconf 87' lang='lat' dir='ltr'>omnia,</span> <span class='ocrx_word' id='word_1_145' title='bbox 1166 2996 1540 3079; x_wconf 85' lang='lat' dir='ltr'>tandemque</span> <span class='ocrx_word' id='word_1_146' title='bbox 1584 2997 1673 3065; x_wconf 89' lang='lat' dir='ltr'>sic</span> <span class='ocrx_word' id='word_1_147' title='bbox 1731 3002 1900 3067; x_wconf 68' lang='lat' dir='ltr'>votis</span> <span class='ocrx_word' id='word_1_148' title='bbox 1952 3015 2062 3069; x_wconf 81' lang='lat' dir='ltr'>ex·</span> 
     </span>
     <span class='ocr_line' id='line_1_23' title="bbox 170 3114 2064 3199; baseline 0.001 -17"><span class='ocrx_word' id='word_1_149' title='bbox 170 3114 521 3193; x_wconf 85' lang='lat' dir='ltr'>ciderunt,</span> <span class='ocrx_word' id='word_1_150' title='bbox 615 3127 690 3177; x_wconf 92' lang='lat' dir='ltr'>ut</span> <span class='ocrx_word' id='word_1_151' title='bbox 751 3131 1046 3180; x_wconf 86' lang='lat' dir='ltr'>numeros</span> <span class='ocrx_word' id='word_1_152' title='bbox 1101 3131 1221 3198; x_wconf 90' lang='lat' dir='ltr'>pro</span> <span class='ocrx_word' id='word_1_153' title='bbox 1288 3115 1477 3183; x_wconf 89' lang='lat' dir='ltr'>rebus</span> <span class='ocrx_word' id='word_1_154' title='bbox 1501 3164 1525 3199; x_wconf 88' lang='lat'>‚</span> <span class='ocrx_word' id='word_1_155' title='bbox 1612 3137 1733 3199; x_wconf 90' lang='lat' dir='ltr'>pro</span> <span class='ocrx_word' id='word_1_156' title='bbox 1794 3120 2064 3184; x_wconf 82' lang='lat' dir='ltr'>veritate</span> 
     </span>
     <span class='ocr_line' id='line_1_24' title="bbox 174 3227 2062 3316; baseline 0 -18"><span class='ocrx_word' id='word_1_157' title='bbox 174 3231 455 3314; x_wconf 88' lang='lat' dir='ltr'>speciem</span> <span class='ocrx_word' id='word_1_158' title='bbox 513 3227 758 3295; x_wconf 84' lang='lat' dir='ltr'>inanem</span> <span class='ocrx_word' id='word_1_159' title='bbox 782 3275 808 3309; x_wconf 85' lang='lat'>‚</span> <span class='ocrx_word' id='word_1_160' title='bbox 854 3247 971 3311; x_wconf 89' lang='lat' dir='ltr'>pro</span> <span class='ocrx_word' id='word_1_161' title='bbox 1006 3231 1147 3295; x_wconf 86' lang='lat' dir='ltr'>luce</span> <span class='ocrx_word' id='word_1_162' title='bbox 1183 3230 1524 3314; x_wconf 87' lang='lat' dir='ltr'>sapientiae</span> <span class='ocrx_word' id='word_1_163' title='bbox 1580 3233 1883 3315; x_wconf 83' lang='lat' dir='ltr'>mysticae</span> <span class='ocrx_word' id='word_1_164' title='bbox 1919 3231 2062 3316; x_wconf 84' lang='lat' dir='ltr'>phi·</span> 
     </span>
     <span class='ocr_line' id='line_1_25' title="bbox 176 3346 1442 3440; baseline 0.001 -27"><span class='ocrx_word' id='word_1_165' title='bbox 176 3346 522 3440; x_wconf 72' lang='lat' dir='ltr'>losophiae</span> <span class='ocrx_word' id='word_1_166' title='bbox 572 3346 837 3413; x_wconf 83' lang='lat' dir='ltr'>nebulas</span> <span class='ocrx_word' id='word_1_167' title='bbox 878 3363 1442 3432; x_wconf 87' lang='lat' dir='ltr'>consequerentur.</span> 
     </span>
    </p>
   </div>
   <div class='ocr_carea' id='block_1_3' title="bbox 259 3463 2169 3547">
    <p class='ocr_par' dir='ltr' id='par_1_3' title="bbox 259 3463 2169 3547">
     <span class='ocr_line' id='line_1_26' title="bbox 259 3463 2169 3547; baseline 0.001 -18"><span class='ocrx_word' id='word_1_168' title='bbox 259 3464 590 3530; x_wconf 85' lang='lat' dir='ltr'>Platonem</span> <span class='ocrx_word' id='word_1_169' title='bbox 642 3463 879 3547; x_wconf 83' lang='lat' dir='ltr'>pariter</span> <span class='ocrx_word' id='word_1_170' title='bbox 945 3467 1221 3532; x_wconf 90' lang='lat' dir='ltr'>numeris</span> <span class='ocrx_word' id='word_1_171' title='bbox 1293 3464 1596 3533; x_wconf 88' lang='lat' dir='ltr'>tribuisse</span> <span class='ocrx_word' id='word_1_172' title='bbox 1661 3464 1928 3532; x_wconf 83' lang='lat' dir='ltr'>multum</span> <span class='ocrx_word' id='word_1_173' title='bbox 1996 3480 2062 3531; x_wconf 82' lang='lat' dir='ltr'>et</span> <span class='ocrx_word' id='word_1_174' title='bbox 2162 3503 2169 3514; x_wconf 73' lang='lat'><em>›</em></span> 
     </span>
    </p>
   </div>
   <div class='ocr_carea' id='block_1_4' title="bbox 182 3581 2066 4296">
    <p class='ocr_par' dir='ltr' id='par_1_4' title="bbox 182 3581 2066 4296">
     <span class='ocr_line' id='line_1_27' title="bbox 185 3581 2064 3666; baseline -0.001 -22"><span class='ocrx_word' id='word_1_175' title='bbox 185 3582 339 3664; x_wconf 89' lang='lat' dir='ltr'>plus</span> <span class='ocrx_word' id='word_1_176' title='bbox 421 3583 575 3647; x_wconf 86' lang='lat' dir='ltr'>adeo</span> <span class='ocrx_word' id='word_1_177' title='bbox 599 3627 625 3662; x_wconf 87' lang='lat'>‚</span> <span class='ocrx_word' id='word_1_178' title='bbox 710 3600 900 3664; x_wconf 90' lang='lat' dir='ltr'>quam</span> <span class='ocrx_word' id='word_1_179' title='bbox 963 3582 1166 3665; x_wconf 84' lang='lat' dir='ltr'>ipsius</span> <span class='ocrx_word' id='word_1_180' title='bbox 1236 3582 1704 3666; x_wconf 81' lang='lat' dir='ltr'>philosophiam</span> <span class='ocrx_word' id='word_1_181' title='bbox 1768 3581 2015 3645; x_wconf 87' lang='lat' dir='ltr'>deceret</span> <span class='ocrx_word' id='word_1_182' title='bbox 2036 3627 2064 3663; x_wconf 93' lang='lat'>‚</span> 
     </span>
     <span class='ocr_line' id='line_1_28' title="bbox 185 3695 2061 3784; baseline -0.001 -21"><span class='ocrx_word' id='word_1_183' title='bbox 185 3713 418 3765; x_wconf 88' lang='lat' dir='ltr'>omnes</span> <span class='ocrx_word' id='word_1_184' title='bbox 471 3709 534 3762; x_wconf 91' lang='lat' dir='ltr'>et</span> <span class='ocrx_word' id='word_1_185' title='bbox 587 3696 797 3765; x_wconf 84' lang='lat' dir='ltr'>sciunt</span> <span class='ocrx_word' id='word_1_186' title='bbox 840 3713 903 3765; x_wconf 89' lang='lat' dir='ltr'>et</span> <span class='ocrx_word' id='word_1_187' title='bbox 955 3717 1139 3784; x_wconf 87' lang='lat' dir='ltr'>aegre</span> <span class='ocrx_word' id='word_1_188' title='bbox 1197 3698 1454 3781; x_wconf 85' lang='lat' dir='ltr'>ferunt,</span> <span class='ocrx_word' id='word_1_189' title='bbox 1501 3704 1613 3782; x_wconf 78' lang='lat' dir='ltr'>qui</span> <span class='ocrx_word' id='word_1_190' title='bbox 1671 3698 1809 3781; x_wconf 85' lang='lat' dir='ltr'>ejus</span> <span class='ocrx_word' id='word_1_191' title='bbox 1862 3695 2061 3784; x_wconf 83' lang='lat' dir='ltr'>scrip-</span> 
     </span>
     <span class='ocr_line' id='line_1_29' title="bbox 183 3811 2059 3900; baseline 0.001 -19"><span class='ocrx_word' id='word_1_192' title='bbox 183 3830 295 3898; x_wconf 84' lang='lat' dir='ltr'>ta,</span> <span class='ocrx_word' id='word_1_193' title='bbox 363 3816 433 3881; x_wconf 91' lang='lat' dir='ltr'>in</span> <span class='ocrx_word' id='word_1_194' title='bbox 498 3814 713 3897; x_wconf 86' lang='lat' dir='ltr'>primis</span> <span class='ocrx_word' id='word_1_195' title='bbox 774 3815 1143 3897; x_wconf 86' lang='lat' dir='ltr'>Timaeum,</span> <span class='ocrx_word' id='word_1_196' title='bbox 1205 3816 1520 3900; x_wconf 86' lang='lat' dir='ltr'>legerunt.</span> <span class='ocrx_word' id='word_1_197' title='bbox 1644 3811 1786 3881; x_wconf 88' lang='lat' dir='ltr'>Nec</span> <span class='ocrx_word' id='word_1_198' title='bbox 1856 3830 2059 3882; x_wconf 86' lang='lat' dir='ltr'>tamen</span> 
     </span>
     <span class='ocr_line' id='line_1_30' title="bbox 182 3927 2064 4019; baseline 0.001 -21"><span class='ocrx_word' id='word_1_199' title='bbox 182 3945 448 3999; x_wconf 82' lang='lat' dir='ltr'>secutus</span> <span class='ocrx_word' id='word_1_200' title='bbox 510 3945 606 3997; x_wconf 86' lang='lat' dir='ltr'>est</span> <span class='ocrx_word' id='word_1_201' title='bbox 651 3934 757 4001; x_wconf 88' lang='lat' dir='ltr'>ille</span> <span class='ocrx_word' id='word_1_202' title='bbox 793 3935 979 4019; x_wconf 85' lang='lat' dir='ltr'>plane</span> <span class='ocrx_word' id='word_1_203' title='bbox 1037 3931 1497 4017; x_wconf 83' lang='lat' dir='ltr'>Pythagoreos.</span> <span class='ocrx_word' id='word_1_204' title='bbox 1585 3927 1901 3999; x_wconf 82' lang='lat' dir='ltr'>Numeros</span> <span class='ocrx_word' id='word_1_205' title='bbox 1920 3978 1944 4013; x_wconf 90' lang='lat'>‚</span> <span class='ocrx_word' id='word_1_206' title='bbox 1990 3946 2064 3999; x_wconf 90' lang='lat' dir='ltr'>ut</span> 
     </span>
     <span class='ocr_line' id='line_1_31' title="bbox 1905 4047 2066 4115; baseline -0.006 0"><span class='ocrx_word' id='word_1_207' title='bbox 1905 4047 2066 4115; x_wconf 80' lang='lat' dir='ltr'>anti·</span> 
     </span>
     <span class='ocr_line' id='line_1_32' title="bbox 256 4130 1176 4205; baseline 0.002 -21"><span class='ocrx_word' id='word_1_208' title='bbox 256 4131 343 4205; x_wconf 77' lang='lat' dir='ltr'>(t)</span> <span class='ocrx_word' id='word_1_209' title='bbox 385 4130 620 4187; x_wconf 69' lang='grc' dir='ltr'><strong><em>Αι-ειιοι.</em></strong></span> <span class='ocrx_word' id='word_1_210' title='bbox 655 4131 903 4205; x_wconf 57' lang='lat' dir='ltr'>anauga.</span> <span class='ocrx_word' id='word_1_211' title='bbox 936 4135 986 4190; x_wconf 87' lang='lat'>1.</span> <span class='ocrx_word' id='word_1_212' title='bbox 1017 4131 1088 4190; x_wconf 85' lang='lat' dir='ltr'>e.</span> <span class='ocrx_word' id='word_1_213' title='bbox 1121 4131 1176 4186; x_wconf 77' lang='lat' dir='ltr'>s.</span> 
     </span>
     <span class='ocr_line' id='line_1_33' title="bbox 1076 4225 1228 4296; baseline -0.02 0"><span class='ocrx_word' id='word_1_214' title='bbox 1076 4225 1142 4296; x_wconf 91' lang='lat' dir='ltr'>D</span> <span class='ocrx_word' id='word_1_215' title='bbox 1187 4246 1228 4293; x_wconf 68' lang='grc' dir='ltr'>α</span> 
     </span>
    </p>
   </div>
  </div>
 </body>
</html>
