2792 5167
1090 368 1451 430 o-13-u

305 533 554 602 venilia
616 545 781 599 aenas
805 577 829 612 ,
892 529 1233 598 admiratus
1298 530 1542 596 fimet-am
1605 527 1812 596 virum
1839 576 1868 610 ‚
1933 532 2038 598 sad
2085 529 2195 598 hat

314 653 480 718 item
540 649 772 718 fucum
812 648 1233 716 admiratione
1265 661 1631 714 contentus.
1722 646 1991 733 Quodsi
2027 667 2197 729 quae*-

310 769 455 850 τίς,
498 768 805 843 Creuzere
829 817 853 850 ,
913 768 1123 850 qualis
1183 767 1341 834 mihi
1381 782 1448 832 et
1508 780 1642 831 tum
1689 780 1755 830 et
1811 778 2046 848 postea
2098 784 2203 847 ap,

312 886 599 972 paruerit
647 886 747 952 vir
784 904 1117 976 summus:
1164 885 1409 952 narravi
1442 886 1522 950 de
1554 880 1971 950 adolescentia
2014 900 2148 947 mea
2171 927 2198 961 ,

317 1023 451 1086 quo
494 1005 613 1071 tlbi
666 1002 1030 1074 evidentius
1081 1017 1320 1086 pateret
1366 1000 1697 1086 disciplina
1747 1003 1884 1087 ejus
1935 998 2203 1065 admira-

304 1122 452 1187 bilis
478 1167 506 1203 ‚
546 1120 832 1207 simplex
892 1120 1003 1188 illa
1022 1170 1047 1204 ‚
1089 1121 1203 1187 sed
1256 1120 1466 1186 efficax
1499 1122 1576 1188 ad
1605 1117 1882 1186 studium
1920 1114 2195 1200 antiqui,-

298 1238 449 1304 tatis
512 1238 585 1304 in
636 1238 1020 1305 discentium
1087 1237 1309 1302 animis
1360 1237 1775 1302 excitandum.
1867 1237 2195 1319 Congrue-

296 1354 415 1420 bat
455 1369 681 1420 autem
735 1355 887 1419 haec
936 1352 1269 1436 disciplina
1310 1373 1454 1419 cum
1497 1355 1702 1420 indole
1746 1352 1949 1436 ipsius
1988 1368 2050 1417 et
2081 1371 2194 1418 na·

300 1471 649 1537 turalibus
699 1466 959 1537 smdi‘m.
1043 1471 1213 1536 Nam
1244 1518 1269 1552 ‚
1304 1485 1381 1534 ut
1417 1470 1638 1551 paucis
1669 1467 2044 1550 complectar
2065 1517 2093 1550 ‚
2134 1483 2199 1534 et

310 1601 521 1655 natus
582 1584 919 1654 videbatur
963 1586 1044 1650 ad
1082 1586 1294 1662 literas
1362 1584 1709 1650 necandas
1748 1582 2086 1667 antiquas,
2140 1596 2203 1650 et

304 1704 417 1770 his
484 1701 829 1769 tractandis
885 1701 1064 1785 quasi
1100 1700 1402 1783 antiquus
1452 1719 1589 1770 esse
1630 1697 1862 1767 factus·
1959 1697 2066 1765 Sic
2117 1698 2196 1798 iis

298 1840 339 1886 a
392 1840 609 1905 puero
666 1818 795 1886 fuit
849 1820 1131 1886 imbutus
1150 1865 1177 1900 ‚
1216 1833 1291 1884 ut
1339 1818 1649 1903 quicquid
1693 1818 1929 1884 diceret
1937 1865 1975 1899 ‚‚
2018 1816 2194 1900 quic-0

306 1936 483 2019 quid
536 1936 842 2002 scriberet
860 1984 886 2017 .,
929 1935 1239 2018 quicquid
1274 1938 1430 2002 adeo
1465 1935 1773 2017 cogitaret
1797 1984 1825 2017 ‚
1863 1934 2196 2017 antiquum

314 2053 597 2119 haberet
624 2055 899 2118 colorem
924 2100 951 2135 ,
993 2071 1074 2117 ex
1111 2050 1247 2135 ipsa
1297 2051 1614 2117 videretur
1657 2050 2025 2132 antiquitate
2058 2072 2203 2133 prov

304 2169 588 2239 fectum.
673 2170 905 2239 Latine
935 2168 1316 2252 loquebatur
1350 2170 1421 2234 in
1453 2168 1838 2235 lectionibus
1876 2168 2146 2253 publicis
2172 2217 2197 2251 ‚

312 2305 391 2356 ut
440 2309 561 2354 sua
604 2288 877 2373 quisque
928 2287 1140 2386 lingua
1194 2286 1378 2371 loqui
1433 2288 1647 2353 solet:
1716 2286 1843 2352 imo
1909 2306 2061 2352 vero
2127 2303 2201 2354 ut

312 2406 516 2490 pauci
568 2407 941 2487 loquuntur.
1031 2405 1195 2471 Nam
1251 2404 1455 2471 oratio
1522 2403 1754 2471 fluebat
1798 2423 1959 2490 pura
1984 2453 2008 2486 ,
2063 2404 2201 2470 lim,

312 2524 514 2607 Pida,
562 2541 942 2605 numerosa,
986 2521 1331 2589 luminibus
1372 2522 1706 2605 distincta,
1749 2523 1943 2588 nullis
1988 2521 2200 2605 inqui-
2269 2507 2280 2513 ⁹

318 2657 476 2707 nata
528 2639 893 2706 recentioris
955 2640 1091 2705 aevi
1149 2639 1449 2707 sordibus
1474 2662 1496 2707 t
1578 2657 1644 2706 et
1700 2641 1938 2707 fluebat
2016 2641 2198 2724 quasi

328 2773 571 2841 sponte
630 2776 744 2823 sua
764 2804 791 2838 ‚
831 2770 909 2821 ut
965 2754 1123 2836 quid
1169 2769 1336 2820 esset
1370 2756 1653 2822 dicturus
1705 2760 1814 2824 vel
1851 2777 1976 2837 qua
2010 2758 2201 2823 tatius·

324 2893 425 2942 ne
449 2919 474 2954 ,
515 2873 685 2939 haud
753 2870 1036 2955 cogitare
1075 2868 1418 2935 videretur.
1502 2870 1593 2936 Et
1651 2885 1852 2937 tamen
1909 2870 2001 2936 nil
2045 2872 2203 2942 desi*

318 2990 665 3060 det-abatur
710 2991 790 3056 ad
855 2987 1188 3054 verborum
1241 2988 1682 3073 proprietatem
1706 3036 1732 3071 ‚
1794 2990 2194 3075 elegantiam,

300 3108 777 3194 disputationis
842 3106 1151 3174 ordinem.
1240 3107 1381 3173 Nec
1448 3107 1784 3177 haesitabat
1845 3101 2146 3195 umquam
2170 3160 2196 3193 ‚

318 3226 383 3293 si
432 3244 533 3292 res
586 3224 990 3292 declarandae
1039 3239 1153 3310 aut
1188 3225 1638 3311 'significandae
1685 3246 1895 3297 essent
1945 3249 2199 3308 novae,

327 3342 610 3427 antiquis
662 3342 919 3427 ignotae
939 3389 965 3424 ‚
1006 3360 1122 3408 nec
1180 3344 1480 3412 habentes
1536 3345 1761 3414 iccirco
1799 3365 2041 3415 nomen
2075 3345 2201 3409 La-

336 3459 553 3526 tinum.
638 3461 757 3527 Nil
817 3459 1190 3528 occurrebat
1246 3464 1404 3545 quin
1458 3464 1918 3548 significaretur
1955 3475 2103 3544 apte
2139 3478 2202 3528 et

341 3574 662 3657 perspicue
712 3579 1164 3662 declararetur,
1244 3598 1317 3648 ut
1392 3583 1594 3648 veluti
1666 3582 1876 3646 oculis
1936 3592 2196 3660 pateret.

336 3690 514 3757 Nam
564 3691 631 3755 in
674 3696 949 3762 docendo
999 3698 1145 3766 haec
1189 3698 1534 3783 singularis
1574 3699 1874 3778 quaedam
1915 3696 2050 3780 ejus
2085 3698 2202 3763 dos

329 3823 469 3900 crat
493 3857 517 3890 ,
564 3811 975 3894 perspicuitas
1013 3835 1299 3895 summa,
1341 3814 1450 3880 cui
1499 3813 1812 3882 tribuebat
1846 3812 2026 3881 otiam
2068 3816 2207 3898 plu-

328 3926 582 4020 rimum.
672 3927 961 3997 Solebam
1008 3919 1340 4000 identidem
1405 3932 1573 4001 domi
1633 3946 1971 4020 reputare,
2045 3952 2207 4016 quae

2145 4045 2212 4127 ia
