2792 5167
1064 446 1419 513 ..17-

304 630 480 679 amor
518 626 757 695 potest.
867 612 1119 700 Quodsi
1153 615 1242 680 'de
1274 611 1517 700 justitia
1557 633 1626 680 ac
1678 615 1934 684 caeteris
1981 616 2181 687 virtua

299 729 478 798 tibus
524 730 918 816 majoribus,
962 731 1164 815 deque
1215 732 1380 797 vitae
1432 748 1801 815 morumque
1856 734 2181 801 sanctitate

305 846 659 931 quaerimus
679 894 704 928 ,
768 850 1035 915 virtutis
1075 862 1306 914 auctor
1365 864 1541 913 amor
1575 860 1672 915 est
1691 893 1716 925 ,
1782 852 1954 931 quod
1986 850 2181 917 Phae·

301 965 455 1029 drus
497 980 621 1030 nos
657 963 723 1029 in
764 964 1104 1048 Symposio
1150 963 1370 1032 docuit
1391 940 1423 1044 ,'
1483 965 1613 1028 imo
1657 981 1809 1028 vero
1850 966 2027 1030 solus
2072 964 2193 1030 hic¹

307 1081 600 1148 homines
663 1080 755 1147 ad
803 1084 1102 1148 virtutem
1169 1086 1388 1159 ἐνθεοὺς
1462 1079 1651 1148 facit:
1738 1097 1963 1166 estque
2016 1083 2177 1149 idem

308 1197 461 1274 ille,
504 1197 581 1263 de
618 1197 828 1264 divina
869 1197 1177 1265 Diotimae
1227 1198 1574 1277 sententia,
1639 1198 1796 1263 inter
1845 1199 2021 1266 Deos
2064 1199 2185 1265 ho·

306 1314 630 1397 minesque
688 1316 1089 1383 intermedius
1114 1363 1136 1393 ‚
1205 1316 1452 1381 illorum
1515 1315 1592 1381 ad
1646 1314 1765 1380 hos
1829 1314 2126 1384 beneficia
2151 1364 2176 1398 ,

313 1433 663 1517 horumque
721 1414 799 1499 ad
862 1432 1005 1499 illos
1066 1451 1283 1516 preces
1333 1429 1757 1512 transferens,
1803 1442 1873 1498 ut
1918 1433 2181 1501 immen-

311 1569 503 1632 sum,
567 1569 698 1632 quo
758 1564 1124 1633 separantur
1183 1570 1218 1615 a
1270 1568 1338 1614 se
1397 1549 1661 1614 invicem
1691 1595 1715 1630 ,
1790 1546 2181 1618 intervallum

311 1667 667 1752 compleat:
716 1667 1160 1750 hominemque
1212 1667 1514 1746 omniun,
1558 1666 1838 1734 Deorum
1888 1669 2064 1735 cultu
2119 1683 2185 1736 et

312 1785 759 1866 veneratione,
802 1786 880 1850 ad
932 1782 1098 1850 vitae
1159 1762 1573 1866 integritatem
1624 1787 2181 1869 sanctitatemque,

314 1902 392 1966 ad
459 1901 704 1969 divinae
776 1902 930 1968 adeo
1001 1915 1254 1968 naturae
1327 1899 1797 1966 simiiitudinem
1864 1899 2180 1968 informat.

316 2018 556 2105 Quidni
625 2018 868 2103 igitur,
954 2034 1042 2085 ut.
1085 2018 1286 2085 adhuc
1361 2015 1666 2097 fecimus,
1747 2018 1842 2084 sic
1894 2017 2185 2102 deinceps

319 2153 588 2202 amorem
643 2135 1067 2219 principium,
1138 2135 1302 2201 unde
1359 2133 1597 2216 optima
1651 2153 1933 2217 quaeque
1999 2136 2187 2202 duca·
2250 2216 2261 2223 .

236 2270 248 2281 ·
324 2271 505 2331 mus,
566 2250 984 2317 habebimus?
1069 2251 1192 2317 Sed
1244 2269 1419 2317 amor
1459 2267 1769 2333 praeterea
1822 2253 1972 2316 hanc
2018 2252 2186 2333 apud

325 2387 449 2436 nos
501 2369 623 2434 vim
674 2367 899 2449 habet,
959 2383 1072 2448 ut,
1125 2367 1499 2450 optimarum
1546 2386 1748 2432 rerum
1795 2368 2183 2450 cupiditate,

326 2505 547 2570 pravas
600 2484 1018 2568 cupiditateS,
1081 2504 1236 2567 quae
1299 2485 1446 2548 item
1510 2483 1725 2548 insunt
1779 2482 1965 2547 animi
2009 2498 2188 2548 natu·

325 2622 472 2681 rae,
531 2603 861 2673 accesserit
901 2603 1088 2667 modo
1129 2601 1386 2667 rationis
1428 2599 1751 2682 imperium
1779 2647 1804 2680 ,
1864 2599 2186 2667 vincamus

326 2738 397 2785 ac
439 2724 857 2787 coerceamus.
970 2718 1141 2783 Haec
1183 2701 1398 2783 autem'
1430 2717 1724 2782 naturalis
1763 2715 1948 2782 animi
1985 2715 2190 2782 nostri

328 2834 659 2916 conditio,
735 2850 803 2899 ut
884 2835 961 2900 ad
1037 2833 1221 2899 finem
1276 2833 1609 2915 aiiquando
1674 2831 2187 2915 disquisitionum

329 2965 679 3019 nostrarum
705 2997 728 3031 ,
797 2952 907 3032 qui
972 2950 1095 3015 vita
1137 2950 1316 3016 beata
1360 2966 1455 3015 est
1480 2996 1503 3031 ,
1570 2947 1831 3016 feliciter
1871 2949 2194 3033 pervenia-

333 3087 515 3148 mus,
558 3070 660 3136 bic
704 3066 893 3132 nobis
935 3067 1239 3132 continuo
1293 3068 1621 3152 diligenter
1659 3068 2022 3153 exponenda
2066 3083 2190 3134 est.

421 3187 620 3251 Amor
677 3184 741 3249 in
797 3183 1002 3250 animo
1044 3184 1319 3250 hominis
1361 3184 1734 3252 desidet-tum
1776 3199 1874 3251 est
1912 3186 2194 3269 proprie.

339 3303 440 3368 Ex
477 3300 815 3385 indigentia
847 3300 1006 3366 enim
1045 3302 1245 3366 oritur
1268 3348 1291 3380 ,
1336 3316 1408 3366 ut
1451 3301 1737 3368 Socrates
1769 3319 1890 3366 nos
1926 3307 1990 3365 in
2011 3302 2198 3385 sym·

343 3416 568 3502 posi0,
614 3417 887 3499 itemque
931 3416 1383 3498 Aristophanes
1424 3417 1662 3483 docuit.
1712 3416 1792 3485 (¹)
1876 3414 1949 3483 Id
1987 3417 2197 3497 enim,

344 3550 478 3614 quo
510 3549 821 3612 caremuS,
868 3531 1041 3614 quod
1079 3531 1492 3614 requirimus,
1538 3533 1713 3613 quod
1747 3531 2200 3613 desideramus,

341 3665 521 3727 non,
581 3650 749 3730 qnod
814 3648 1156 3730 habemus,
1216 3663 1508 3732 appetere
1560 3663 1750 3729 atque
1801 3667 2001 3715 amare
2040 3650 2205 3715 sole·

342 3783 502 3830 mus.
610 3764 986 3847 cujusmodi
1037 3767 1354 3848 appetitus
1401 3785 1471 3832 ac
1515 3765 1811 3832 desideria
1866 3765 1932 3831 in
1997 3764 2204 3834 brutis

2074 3884 2208 3948 ani·

418 4018 500 4086 (ι)
540 4015 669 4072 vol.
698 4017 743 4070 1.
780 4034 833 4084 p.
875 4034 968 4088 ¹¹7
1009 4025 1064 4071 et
1101 4036 1219 4089 ¹¹9·

1253 4118 1302 4183 Β
