2792 5167
965 450 1069 480 n-
1117 446 1374 509 107-3·

247 597 439 667 modo
519 612 772 679 oportet
815 602 948 669 aliis
996 603 1384 689 ‘philosophi
1450 608 1869 674 memorandis
1932 606 2112 673 inter-

248 718 701 804 pretandisque
725 722 832 786 *de
869 741 1070 789 amore
1108 724 1389 808 placitis·
1477 726 1621 807 Age
1670 724 1911 811 igitur,
1973 728 2122 791 alte-

256 857 396 904 rum
441 838 617 907 illum
650 841 986 924 aperiamus
1015 843 1298 910 Platonis
1330 842 1653 926 dialogum
1701 844 2069 909 amatorium
2091 891 2119 923 ‚

253 934 385 1023 imo
451 956 748 1023 intremus
799 961 1151 1029 convivium
1203 962 1403 1044 illud,
1466 980 1601 1043 quo
1672 963 1912 1027 nullum
1978 980 2117 1025 um-

251 1092 443 1154 quam
469 1077 830 1160 philosophi
870 1082 1264 1147 celebrarunt
1294 1080 1515 1165 magis.
1602 1080 1957 1147 Occurrent
1996 1097 2115 1143 no—

249 1190 347 1256 bis
391 1193 455 1259 in
499 1194 608 1261 illo
663 1214 808 1261 cum
857 1198 963 1263 alii
992 1245 1018 1277 ‚
1082 1198 1195 1278 qui
1246 1198 1325 1261 cle
1371 1217 1587 1262 amore
1638 1198 1868 1263 dicturi
1912 1212 2060 1279 sunt
2080 1243 2108 1277 ‚

247 1322 378 1373 tum
423 1310 718 1377 Socrates
745 1358 770 1392 ‚
813 1327 952 1377 tum
995 1329 1150 1375 vero
1205 1311 1390 1377 etiam
1437 1312 1601 1377 idem
1645 1311 1749 1377 ille
1798 1312 2113 1378 Phaedrus

243 1422 495 1494 noster.
577 1428 819 1509 Neque
887 1429 998 1495 hie
1062 1444 1213 1492 sane
1287 1429 1365 1491 ab
1421 1427 1605 1493 initio
1661 1428 1806 1493 inde
1870 1427 2124 1509 exiguas

249 1542 452 1606 habet
495 1556 736 1625 partes.
822 1545 990 1609 Nam
1026 1558 1246 1608 auctor
1295 1557 1391 1608 est
1420 1562 1774 1610 sermonum
1806 1545 2081 1609 omnium
2102 1591 2127 1625 ‚

253 1676 430 1743 quos
482 1660 563 1727 de
598 1678 809 1725 amore
853 1659 1171 1727 habebunt
1201 1662 1531 1728 convivae.
1620 1662 1726 1729 Sic
1760 1661 1927 1731 enim
1974 1681 2126 1729 con-

246 1778 434 1843 tinuo
467 1778 969 1861 Eryximachus:
1014 1779 1375 1860 Phaedrus,
1422 1779 1675 1862 inquit,
1721 1788 2126 1864 saepenumess·

245 1916 322 1961 ro
393 1915 494 1960 me
560 1915 772 1961 coram
849 1898 1113 1962 moleste
1176 1873 1327 1963 tulit
1344 1945 1368 1978 ‚
1430 1898 1586 1963 alios
1645 1897 1895 1979 quidem
1945 1900 2123 1964 Deos

227 1985 515 2100 'hymnis
570 2027 632 2076 et
685 2011 980 2079 cantibus
1036 2034 1074 2078 a
1123 2014 1331 2096 poetis
1385 2030 1525 2081 esse
1581 2014 1871 2079 laudatos
1897 2062 1921 2095 ‚
1961 2035 2130 2111 amqo·
2238 2068 2246 2083 ,

253 2151 392 2198 rem
431 2147 678 2213 autem,
726 2134 903 2198 talem
965 2131 1141 2198 illum
1183 2151 1256 2197 ac
1311 2146 1553 2211 tantum
1613 2132 1869 2212 Deum,
1933 2150 1971 2196 a
2030 2144 2129 2195 tot

254 2249 430 2333 illis,
473 2252 580 2333 qui
611 2249 906 2333 fuerunt,
961 2251 1169 2335 poetis
1212 2251 1291 2316 ad
1326 2252 1495 2317 hunc
1540 2270 1746 2332 usque
1790 2249 1953 2314 diem
1990 2251 2132 2314 nul·

253 2372 391 2437 lum
433 2370 746 2452 accepisse
782 2370 1157 2439 encomium.
1247 2369 1444 2456 Quod
1482 2368 1636 2435 mihi
1680 2367 2134 2452 juste-videtur

251 2488 642 2571 indignatus.
730 2488 875 2571 Ego
943 2487 1134 2574 igitur
1191 2502 1254 2553 et
1310 2487 1403 2553 illi
1451 2485 1783 2571 gratificari
1833 2484 2029 2569 cupio
2065 2498 2130 2551 et

249 2625 373 2673 nos
422 2611 643 2673 decere
697 2606 966 2673 arbitror
987 2654 1012 2686 ‚
1076 2621 1151 2671 ut
1201 2622 1417 2670 nostra
1480 2604 1718 2686 quique
1775 2603 1915 2666 vice
1956 2621 2130 2666 amo-

255 2742 392 2793 rem
445 2725 857 2789 celebremus.
939 2721 1194 2787 Primus
1270 2736 1477 2783 autem
1542 2719 1863 2785 Phaedrus
1920 2718 2087 2781 dicat
2108 2764 2133 2796 ‚

263 2838 514 2922 quippe
575 2839 690 2920 qui
739 2853 803 2902 et
864 2838 1113 2919 primus
1167 2834 1481 2899 accumbit
1519 2848 1582 2897 et
1632 2848 1808 2916 pater
1866 2848 1964 2897 est
2018 2852 2143 2897 ser-

258 2955 480 3022 monis
529 2956 747 3041 hujus.
847 2953 1048 3040 Quod
1101 2966 1438 3035 postquam
1484 2969 1699 3017 omnes
1745 2950 2137 3034 probarunt,

253 3075 352 3141 sic
402 3073 510 3139 ille
551 3070 705 3138 stcit
758 3071 1008 3138 dicendi
1069 3069 1342 3137 initium.
1436 3070 1732 3136 Amorem
1799 3088 1936 3135 esse
1982 3088 2135 3135 con-

253 3192 462 3259 tendit
501 3194 788 3265 Deorum
834 3192 1115 3263 omnium
1160 3190 1603 3258 veterrimum:
1649 3190 1817 3255 haud
1859 3189 2133 3255 celebra-

253 3309 310 3377 ti
391 3308 553 3375 enim
621 3310 758 3394 ejus
811 3325 1130 3393 parentes,
1230 3309 1396 3376 Nam
1455 3286 1805 3374 Hesiodum
1881 3302 2137 3386 diceie,

265 3426 528 3505 primum
557 3429 876 3496 exstitisse
917 3429 1138 3494 Chaos
1161 3476 1185 3510 ‚
1232 3442 1364 3493 tum
1403 3426 1662 3517 Terram
1708 3437 1771 3488 et
1794 3425 2141 3498 Amorem,

266 3540 555 3624 idemque
593 3546 882 3613 affirmare
940 3544 1363 3614 parmenidem
1424 3558 1484 3608 et
1543 3538 1839 3607 assentiri
1912 3533 2145 3602 Acusi-

265 3660 465 3725 hum.
514 3662 576 3707 ω
612 3663 758 3748 Quo
806 3665 1066 3751 respicit
1105 3663 1424 3731 Phaedrus
1460 3655 1949 3742 philosophema
1985 3651 2145 3717 anti·

1945 3788 2137 3849 quum

333 3895 422 3963 (ἰ)
464 3892 790 3949 Pttmtm'dis
821 3899 1142 3955 mentionem
1185 3896 1425 3948 retinere
1460 3908 1558 3945 nos
1588 3885 1744 3959 jubet
1786 3900 1905 3936 cum
1948 3884 2135 3953 symp.

259 3983 367 4059 ¹9⁵
408 3989 458 4045 C
487 4027 501 4049 2
544 3998 652 4041 tum
693 3991 1018 4060 subsequens
1052 3982 1202 4044 οὕτω
1242 3975 1656 4069 πολλαχᾷθεν,
1702 3979 1812 4044 tm
1870 3982 1983 4027 tota
2028 3973 2137 4026 hu·-

255 4083 346 4151 jus
397 4082 658 4137 orationis
689 4082 850 4137 tatio.
