2792 5167
947 479 1327 543 ...137-

194 655 417 708 remur
437 685 463 720 ,
489 638 624 722 ipse
648 638 708 706 in
751 638 826 706 iis
864 638 1213 723 exagitetur
1230 639 1644 720 Socrates,⁰>
1682 641 1842 711 haud
1877 646 2082 716 deest·

201 769 419 830 tamen
479 756 557 824 iis
612 755 803 822 ironia
863 756 1180 824 Socratica
1243 775 1388 822 cum
1460 756 1710 824 Atticae
1771 760 2055 834 dictionis

207 873 740 957 humanitatisque
814 873 1008 960 gratia
1101 874 1457 959 conjuncta.
1607 873 1853 959 Operae
1923 898 2062 963 pre·

206 990 375 1060 tium
418 989 700 1072 videtur,
760 992 835 1057 ad
879 1005 1158 1082 naturam
1216 990 1706 1076 investigandam
1763 993 2071 1062 Platonici
2131 993 2142 1030 ²

202 1108 488 1194 dialogi,
529 1109 609 1175 de
648 1110 746 1173 his
802 1109 1019 1192 paullo
1074 1107 1426 1174 accuratius
1478 1126 1685 1192 agere.
1775 1108 2074 1193 Explica-

204 1223 412 1292 bimus
497 1224 583 1292 ita
662 1224 902 1307 simul,
981 1223 1155 1304 quod
1215 1224 1408 1290 modo
1473 1224 1553 1292 de
1625 1226 2088 1311 Xenophontis·
2141 1255 2152 1264 ·

197 1341 542 1426 symposio
601 1340 805 1407 verbo
864 1338 1372 1424 significavimus.

291 1456 409 1523 Ex
449 1474 583 1540 quo
620 1453 807 1521 fonte
838 1454 1012 1520 Plato
1070 1453 1408 1538 plurimum
1435 1456 1638 1524 hausit
1657 1502 1683 1538 ,
1725 1477 1804 1525 ex
1849 1462 2078 1529 eodem·

198 1573 434 1642 hausit
482 1572 847 1641 Lucianust
894 1572 1224 1654 utriusque
1257 1572 1486 1657 dialogi
1526 1575 1737 1641 multis
1772 1577 1927 1644 locis
1968 1597 2079 1645 co·
2131 1589 2154 1608 ¹·

200 1694 524 1761 micorum
585 1689 862 1758 referunt
886 1735 911 1770 ‚
964 1690 1028 1755 in
1089 1688 1309 1775 primis
1353 1688 1799 1775 Aristophanis
1822 1740 1850 1775 ‚
1890 1693 2080 1761 sabu«

200 1812 330 1878 las.
423 1809 872 1876 Verumtamen
912 1808 1085 1874 Plato
1146 1823 1288 1872 cum
1329 1806 1654 1892 leporibus
1705 1810 2074 1896 salibusque

198 1925 445 1996 Atticis
493 1943 629 1992 eam
707 1922 852 1989 inde
910 1935 1300 1990 venustatem
1388 1926 1770 2009 gratiamque
1839 1930 2072 1998 deliba.

198 2041 342 2125 vit,
385 2017 553 2125 quae
616 2038 774 2106 mire
819 2039 1072 2105 decebat
1137 2039 1510 2108 Socraticam
1544 2044 2064 2131 philosophiam

70 2141 77 2150 ⁶
201 2158 561 2227 Lucianum
601 2153 756 2223 vero
814 2156 978 2222 dicas
1022 2155 1222 2241 ipsius
1265 2158 1713 2243 Aristophanis
1781 2164 2064 2234 habitum

200 2292 673 2362 personamque
747 2272 1048 2337 induisse.
1158 2273 1464 2339 Comicus
1523 2276 1630 2339 hic
1690 2294 1833 2344 esse
1883 2282 2074 2349 simul

201 2406 272 2461 et
311 2389 755 2475 philosophus
792 2387 996 2452 voluit
1018 2433 1043 2468 ,
1086 2402 1153 2452 et
1192 2387 1470 2454 Stoicam
1516 2410 1828 2476 usurpans
1871 2396 2074 2468 intes

204 2511 519 2580 hummas
552 2504 1020 2589 despicientiam
1048 2549 1072 2585 ‚
1095 2503 1328 2570 festive
1349 2504 1490 2572 illas
1515 2522 1579 2573 et
1615 2510 2076 2597 Aristophaneo

210 2644 401 2695 more
469 2620 829 2704 exagitavit.
934 2620 1129 2706 Quod
1181 2618 1321 2704 ipse
1354 2619 1449 2686 -in
1498 2623 1872 2695 Prometheo
1913 2632 2086 2718 inge-
2139 2649 2146 2656 ·

206 2761 345 2812 nue
398 2737 743 2805 confessus
766 2750 879 2802 est
901 2780 927 2816 ,
972 2754 1104 2817 quo
1151 2737 1297 2803 loco
1357 2736 1592 2825 dialogi
1629 2757 1692 2808 et
1733 2748 2088 2819 comoediae

209 2855 561 2928 discrimen
624 2853 895 2921 notavit.
1038 2854 1270 2938 Neque
1336 2856 1502 2925 enim
1582 2862 1837 2931 omnino
1860 2913 1886 2948 ,
1948 2869 2086 2955 ait,

207 2989 523 3050 consueta
594 2972 761 3039 inter
802 2989 872 3039 se
912 2985 1103 3054 atque
1142 2972 1354 3042 affinia
1421 2975 1501 3041 ab
1544 2975 1726 3046 initio
1765 2982 2081 3074 ,Dialogus

211 3110 278 3168 et
316 3089 645 3162 Comoedia
680 3088 972 3158 fuerunt.
1059 3089 1128 3156 Si
1171 3089 1422 3174 quidem
1462 3092 1570 3162 ille
1599 3096 1773 3163 domi
1808 3115 1872 3165 et
1905 3124 2088 3174 seor.

216 3232 363 3282 sum
384 3258 410 3293 ‚
452 3209 807 3290 mehercle,
851 3201 920 3273 in
960 3205 1325 3274 ambulacris
1367 3227 1513 3275 cum
1564 3212 1783 3294 paucis
1823 3218 2098 3297 quibus-

220 3330 369 3396 dam
439 3326 895 3409 disputationes
957 3343 1105 3391 suas
1169 3322 1480 3391 habebat:
1551 3326 1705 3394 haec
1790 3347 1945 3397 vero
2020 3354 2096 3401 se

230 3442 483 3511 Baccho
532 3457 725 3508 totam
765 3442 1053 3521 tradens,
1118 3440 1182 3506 in
1243 3441 1503 3507 theatris
1548 3444 1919 3512 versabatur
1937 3492 1963 3527 ,
2007 3448 2100 3518 sis

230 3558 499 3640 mulque
535 3555 787 3623 ludebat
808 3587 849 3636 ‚·
899 3571 964 3624 et
1008 3556 1203 3624 risum
1255 3557 1548 3625 movebat
1573 3606 1599 3642 ‚
1657 3560 2096 3649 gaudebatque

1994 3702 2093 3754 88-

304 3873 390 3946 (ι)
434 3871 594 3926 Dial.
626 3880 786 3924 mort.
818 3870 959 3924 dial.
996 3868 1073 3925 Χ.
1108 3868 1197 3920 Do
1226 3872 1567 3921 mortuorum
1590 3863 1815 3941 dialogi.
1851 3869 1943 3931 ΜΟ
1975 3879 2104 3949 ,ῤ’-

229 3990 354 4029 nun
388 3971 588 4027 nolum.
659 3967 798 4025 Nm
830 3975 1042 4022 nsunt
1078 3968 1138 4023 in
1180 3968 1296 4038 eju
1353 3965 1611 4037 κείμὴ,
1651 3983 1883 4041 quorum
1924 3975 2100 4030 tom.

229 4072 393 4143 plane
424 4090 489 4128 ex
558 4068 787 4125 Platone
819 4068 980 4123 duct·
1011 4075 1095 4124 ent
1118 4085 1172 4130 v.
1207 4083 1257 4121 c.
1294 4066 1580 4126 Det-ooth.
1614 4068 1754 4140 eleg.
1781 4069 1786 4074 '
