2792 5167
1057 378 1397 445 ...πρὸ

292 526 513 622 ciunt,
603 540 843 626 quippe
902 537 1201 626 injustum
1266 555 1331 606 et
1390 551 1606 605 contra
1658 538 1825 624 leges
1874 540 2148 624 agentes.

292 658 366 726 Id
415 657 613 743 igitur
667 670 766 724 est
790 704 815 739 ‚
883 676 925 724 o
968 656 1181 738 bone,
1247 658 1418 740 quod
1458 655 1646 721 dico:
1732 653 1797 721 in
1855 655 2147 724 omnibus

293 794 432 842 esse
483 774 850 842 civitatibus
901 793 1096 841 unum
1145 774 1436 856 idemque
1486 773 1725 857 iustum
1749 818 1775 854 ,
1815 773 1936 838 boc
1989 773 2152 840 scili·

292 908 438 976 cet,
481 892 655 977 quod
708 892 1081 976 principatui
1134 890 1469 958 conducit:
1523 889 1908 987 principatus
1944 904 2150 956 autem

295 1008 587 1094 superlor
619 1022 748 1076 esta
833 1022 943 1090 ut,
988 1022 1155 1075 recte
1202 1007 1529 1075 subductis
1572 1007 1920 1074 rationibus
1943 1054 1968 1089 ‚
2011 1008 2154 1075 nbi-

295 1123 400 1190 vis
435 1124 594 1190 idem
628 1125 867 1210 justum
907 1122 1028 1206 sit,
1074 1125 1246 1207 quod
1289 1123 1597 1206 superiori
1641 1136 1739 1190 est
1781 1124 1958 1193 utile.
1982 1121 2070 1194 (¹)

388 1240 556 1307 Haec
615 1240 781 1324 apud
820 1240 1138 1307 Platonem
1180 1237 1720 1321 Thrasymachus.
1830 1239 1967 1308 Nec
2004 1260 2157 1310 vero

302 1355 359 1422 is
408 1372 569 1422 unus
634 1355 702 1421 in
765 1356 933 1422 hunc
992 1355 1243 1431 modum
1309 1356 1385 1422 de
1435 1353 1685 1440 iustitia
1745 1355 2158 1428 existimabat.

301 1469 675 1539 Communis
724 1472 874 1539 haec
925 1472 1203 1537 omnium
1241 1467 1364 1537 fuit
1402 1471 1854 1554 propemodum
1911 1473 2164 1558 sophis·

298 1600 501 1656 tarum
557 1586 802 1672 opinio.
930 1564 1004 1655 In
1051 1586 1295 1672 Gorgia
1349 1587 1625 1657 Platonis
1675 1589 1766 1655 sic
1822 1589 2152 1660 Callicles:

304 1750 349 1788 „
390 1704 680 1787 natura,
741 1703 948 1788 inquit
978 1749 1005 1788 ,
1068 1703 1375 1789 quidquid
1428 1706 1607 1789 peius
1646 1719 1790 1795 est,
1829 1705 1988 1774 idem
2028 1721 2163 1772 tur-

296 1822 489 1908 pius,
535 1835 608 1888 ut
640 1820 769 1905 pati
813 1819 1146 1906 iniuriam3
1190 1822 1322 1909 lege
1375 1838 1530 1887 vero
1563 1834 1638 1900 ,et
1693 1823 1881 1908 pejus*
1925 1836 1987 1889 et
2032 1836 2165 1891 tur-

297 1938 449 2023 pius
509 1952 608 2005 est
665 1937 949 2022 injuriam
1003 1935 1260 2004 inferre.
1367 1936 1521 2004 Non
1581 1938 1742 2005 cadit
1808 1941 2032 2008 natura
2089 1941 2158 2007 in

304 2054 503 2121 virum
573 2055 826 2141 injurias
885 2056 1012 2139 pati
1034 2103 1059 2138 ,
1145 2054 1257 2123 sed
1327 2053 1394 2121 in
1461 2071 1750 2138 servum,
1821 2055 1929 2121 cui·
2000 2056 2160 2123 mori

308 2189 496 2254 quam
536 2169 745 2237 vivere
798 2169 994 2237 satius
1040 2184 1178 2253 est,
1267 2174 1413 2256 quia
1473 2189 1587 2238 nec
1643 2172 1766 2238 sibi
1815 2171 2011 2238 illatas
2064 2172 2162 2237 in-

300 2287 500 2372 jurias
553 2286 1086 2370 contumeliasque
1143 2289 1516 2371 propulsare
1572 2302 1790 2371 potest
1857 2306 1972 2353 nec
2027 2290 2161 2365 suis

310 2402 628 2488 opitulari.
712 2403 961 2471 Censeo
1003 2406 1287 2487 equidem
1311 2452 1336 2487 ‚
1379 2403 1528 2470 illos
1570 2402 1853 2470 homines
1889 2403 2156 2487 primum

304 2524 472 2606 leges
511 2520 772 2604 tulisse,
834 2520 942 2604 qui
979 2521 1204 2587 ‘minus
1264 2519 1552 2603 viribus,
1619 2538 1802 2603 quam
1854 2537 2160 2602 numero,

303 2639 622 2721 valerent,
684 2656 922 2719 eosque
964 2636 1068 2703 illa
1109 2636 1558 2721 constituisse,
1627 2653 1785 2719 quae
1843 2637 1964 2705 sibi
2026 2635 2164 2704 fore

313 2753 645 2821 utilissima
684 2767 1003 2836 putarent.
1091 2752 1178 2818 Hi
1214 2753 1408 2837 igitur
1447 2753 1835 2821 robustiores
1876 2771 2167 2838 quosque

307 2890 451 2939 cum
491 2869 830 2952 laudibus,
878 2883 1013 2935 tum
1057 2869 1384 2953 vituperiis
1424 2884 1813 2953 terruerunt,
1866 2844 2000 2953 quo
2052 2870 2169 2937 mi·
2238 2937 2243 2943 ,

306 3006 434 3056 nus
473 2986 538 3052 in
573 2986 835 3052 aliorum
899 2985 1191 3052 fortunas
1248 2985 1640 3068 invaderent,
1693 3007 1764 3054 ac
1800 3003 1985 3072 turpe
2031 3005 2171 3054 esse

315 3103 607 3172 dixerunt
642 3117 706 3168 et
743 3100 1045 3186 injustum
1072 3147 1097 3184 ,
1144 3103 1288 3184 plus
1331 3101 1469 3168 aliis
1505 3102 1730 3169 habere
1767 3105 1975 3185 velle,
2011 3102 2170 3184 quin

316 3220 438 3286 hoc
481 3219 625 3303 ipso
668 3216 976 3283 contineri
1027 3216 1430 3302 injustitiam:
1522 3231 1651 3282 tum
1701 3219 1967 3300 denique
2017 3218 2169 3283 haec

317 3334 456 3417 lege
490 3345 850 3399 sanxerunt.
935 3327 1067 3413 Ipsi
1092 3332 1254 3397 enim
1277 3377 1301 3412 ,
1352 3333 1586 3421 quippe
1626 3332 2059 3400 imbecilliores
2098 3353 2170 3401 ac

318 3450 697 3533 deteriores,
734 3446 889 3514 satis
929 3447 1276 3529 habebant,
1311 3448 1365 3514 si
1404 3452 1592 3516 modo
1628 3450 1868 3531 aequali
1900 3450 2039 3534 iure
2077 3450 2171 3516 uti

315 3578 604 3653 possent.
687 3565 930 3633 Natura
980 3582 1133 3631 vero
1187 3565 1309 3631 hoc
1357 3561 1623 3650 iustum‘
1661 3581 1798 3631 esse
1856 3566 2120 3632 declarat
2140 3613 2167 3650 ,

316 3698 391 3753 ut
433 3680 548 3768 qui
591 3679 810 3748 melior
854 3678 938 3745 sit
977 3699 1047 3747 ac
1089 3679 1360 3761 fortior,
1420 3680 1579 3748 idem
1626 3681 1773 3762 plus
1809 3680 2028 3747 habeat
2063 3682 2173 3747 de·

2080 3806 2173 3861 te*

385 3947 470 4020 (ι)
501 3947 649 4016 περ.
685 3944 734 4000 1.
768 3941 966 3999 mn.
995 3962 1068 3990 -
1094 3941 1287 4013 δεμ.

1214 4040 1270 4107 C
