2792 5167
1034 401 1397 472 0—-17-0

260 567 471 639 ficere
514 569 715 636 nobis
754 573 859 637 vel
902 572 1134 636 tollere
1205 571 1578 639 studemus:
1663 573 1758 639 ita
1806 575 1917 641 ille
1961 577 2146 644 incre-

264 691 461 759 dibili
517 690 741 757 ductus
796 691 1198 774 antiqnitatis
1264 691 1675 758 admiratione
1689 741 1714 776 ‚
1799 711 1938 758 non
2009 696 2158 761 satis

268 809 541 876 habebat
580 809 777 892 legere
800 808 1150 894 scriptores
1187 810 1485 893 antiquos
1521 824 1588 875 et
1625 810 1915 877 admirari
1938 831 1961 878 z
1985 873 1990 888 ,
2005 831 2195 894 ιιι-οι

266 926 468 994 cessit
490 942 717 1011 sponte
749 926 836 994 ad
874 926 1326 1011 expediendum
1357 941 1422 992 et
1449 926 1887 994 illustrandum
1906 975 1933 1010 ,
1975 929 2162 1011 quod

260 1043 339 1109 in
380 1043 463 1109 iis
512 1061 680 1110 esset
720 1044 1101 1130 impeditum
1136 1058 1248 1111 aut
1270 1045 1652 1113 obscurumz
1696 1046 1778 1111 ad
1822 1047 2152 1112 emendan-

257 1162 404 1230 dum
423 1210 450 1244 ,
492 1163 555 1229 si
596 1162 761 1245 quid
798 1162 1200 1245 corruptelae
1231 1177 1436 1229 tractu
1467 1163 1770 1246 temporis
1804 1165 2158 1230 contraxis-.

254 1293 401 1345 sent
422 1299 446 1346 ι
493 1295 647 1346 tum
674 1298 837 1345 vcro
878 1280 962 1344 ad
1008 1279 1356 1344 tollendum
1390 1289 1458 1343 et
1495 1279 1866 1364 eJiciendum
1885 1328 1913 1362 ‚
1970 1281 2153 1364 quid·

257 1395 425 1478 quid
478 1396 557 1463 in
603 1396 695 1464 iis
751 1394 1249 1478 deprehenderet
1302 1394 1571 1461 alienum
1612 1411 1676 1460 et
1727 1397 2149 1480 suppositum.

260 1509 428 1596 Quo
474 1511 635 1592 ipse
695 1530 769 1574 se
822 1509 1021 1573 fateri
1076 1510 1319 1574 solebat
1363 1499 1706 1573 accessisse
1765 1529 1901 1576 non
1961 1515 2172 1578 laudis

263 1622 546 1706 studi0‚
592 1624 715 1689 sed
740 1623 1009 1689 maxime
1040 1623 1312 1706 ipsamm
1346 1641 1568 1689 caussa
1602 1623 1967 1710 literarum,
2011 1647 2174 1710 quas
2207 1661 2213 1672 ·

256 1759 493 1825 nempe
538 1757 819 1824 amaret,
862 1741 1227 1825 quibusque
1257 1741 1562 1826 prodesse
1611 1741 1916 1811 studeret.
2020 1746 2161 1813 Nec

257 1879 422 1928 vero
488 1861 812 1926 exantlare
865 1858 1017 1941 quis
1060 1858 1289 1943 possit·
1319 1836 1426 1926 tot
1475 1861 1624 1928 illos
1676 1877 1741 1926 et
1797 1877 2010 1929 tantos
2077 1865 2168 1930 la-

264 1977 471 2042 horoe
488 2023 517 2057 ,
584 1991 751 2057 quot
796 1974 1150 2056 quantique
1215 1974 1604 2059 suscipiendi
1669 1993 1820 2042 sunt
1880 1979 2123 2045 Critico
2142 2027 2172 2061 ‚

264 2091 403 2160 nisi
454 2113 684 2159 more
731 2091 1001 2158 ducatur
1065 2090 1381 2159 literarum
1399 2141 1428 2175 ‚
1495 2108 1570 2159 ut
1625 2093 1846 2178 prouti
1901 2110 2176 2162 amantes

264 2230 389 2294 pro
439 2210 715 2291 amatis,
768 2210 863 2277 sic
898 2211 1037 2293 ipse
1073 2229 1193 2293 pro
1241 2210 1417 2279 hisce
1451 2211 1692 2280 deliciis
1739 2213 1876 2281 suis
1915 2213 2010 2281 nil
2041 2232 2176 2281 ιιοιι

269 2328 603 2397 sustineat
652 2343 721 2393 et
768 2328 1015 2413 perpeti
1066 2344 1130 2393 et
1184 2328 1508 2415 perficere.
1605 2331 1997 2399 Criticorum
2041 2331 2180 2398 fere

269 2444 511 2514 misera
572 2444 699 2512 fuit
756 2446 931 2527 vim,
972 2445 1031 2513 si
1069 2464 1395 2515 sermones
1448 2433 1792 2532 accipimus
1860 2450 2040 2534 vulgi
2111 2465 2178 2516 et

268 2565 631 2634 hominum
680 2563 1061 2646 vulgarium.
1157 2565 1250 2630 Et
1301 2553 1455 2632 sane
1491 2584 1773 2650 magnam
1822 2569 1988 2634 vitae
2033 2588 2192 2653 para

273 2696 415 2748 tem
445 2680 819 2763 transigxmt
841 2679 1026 2745 libris
1055 2682 1341 2761 legendis
1366 2701 1590 2763 parum
1620 2684 1908 2749 venustis
1947 2685 2172 2752 Gram-

280 2797 682 2864 mticomm
703 2843 729 2876 .,
777 2794 1139 2861 Rhe-torum
1160 2842 1185 2874 ,
1227 2797 1715 2862 Scholiastarum
1736 2845 1765 2878 ,
1804 2799 2183 2882 Lexicogra-

278 2912 625 2998 phorum:
668 2907 1003 2974 codicibus
1050 2908 1434 2976 excutiendis
1453 2958 1478 2992 ‚
1513 2913 1940 2996 comparandis
1958 2962 1984 2998 ,
2039 2936 2184 2983 cen·-

272 3030 515 3100 mdis
570 3027 797 3097 MSS:
884 3027 1305 3111 inquirendo,
1370 3029 1770 3114 meditando,
1831 3048 1940 3116 et,
2002 3036 2179 3119 quod

276 3149 649 3233 pessimum
711 3162 852 3228 nst,
914 3143 1152 3213 frustra
1213 3163 1659 3232 saepenumero
1715 3153 2188 3221 molestissimis

276 3263 687 3351 perferendis
740 3263 1094 3329 laboribus.
1180 3262 1369 3331 Haud
1419 3268 1626 3335 dulcia
1682 3270 1829 3336 haec
1881 3272 2185 3338 videntur
2266 3261 2269 3266 ’

288 3382 730 3463 mulierculis,
791 3400 908 3447 nec
948 3382 1319 3464 elegantulis
1375 3384 1559 3451 etiam
1615 3385 1983 3460 hominibus
2005 3431 2032 3467 ‚
2077 3384 2190 3465 qui
2285 3448 2300 3462 ,

298 3497 569 3566 istarum
602 3501 841 3582 instar,
897 3500 1131 3568 leviora
1186 3516 1452 3570 tractam
1506 3518 1570 3568 et
1621 3504 1938 3570 suaviora.
2047 3499 2190 3566 Nec

300 3613 509 3681 nobis
555 3615 888 3701 profecto,
933 3619 1293 3701 &enzer-e,
1352 3622 1507 3687 haec
1554 3620 1768 3684 omnia
1812 3636 1925 3699 pet
1978 3634 2052 3680 se
2097 3618 2192 3683 vi

296 3733 589 3801 deantur
624 3750 983 3817 magnopere
1021 3737 1397 3819 expetenda.
1461 3735 1604 3798 Imo
1643 3732 1832 3798 mirer
1871 3733 2195 3819 equidem,

294 3853 363 3923 si
426 3849 641 3919 laudis
703 3847 1051 3935 gloriaeque
1102 3851 1393 3919 studium
1451 3867 1650 3915 unum
1710 3848 2018 3918 sufficeret
2039 3898 2065 3933 ‚
2124 3870 2199 3921 ut

288 3967 475 4042 vine
500 3985 580 4038 se
620 3964 770 4053 quis
807 3965 1077 4058 privaret
1113 3965 1558 4051 voluptatibus
1591 4012 1616 4050 ‚
1674 3985 1998 4035 aerumnas
2059 3970 2202 4035 has-

1240 4081 1300 4153 Β
2129 4101 2209 4158 ee
