2792 5167
1465 478 1865 541 ...106—

816 657 1012 746 Quod
1073 676 1223 723 vero
1282 659 1508 721 malum
1561 655 1891 739 irrepserat
1935 656 2021 723 ita
2081 673 2307 742 sponte
2344 660 2407 725 in
2464 660 2578 726 ho·

726 776 964 843 minum
1013 773 1370 840 societatem
1393 820 1417 853 ,
1476 771 1807 856 fueratque
1845 774 2279 841 confirmatum
2319 779 2580 859 popula.—

726 895 814 959 ris
862 890 1180 974 religionis
1235 891 1603 956 auctoritate
1656 904 1721 955 et
1768 910 2035 975 poeseos
2100 894 2581 959 commendatio·

721 1028 845 1089 ne,
909 1024 1150 1074 tanturn
1204 1008 1453 1090 abfuit,
1513 1020 1585 1074 ut
1629 1028 1665 1074 a
1696 1007 2105 1093 philosophia
2145 1011 2377 1093 pariter
2438 1028 2585 1095 pro·

721 1141 1050 1212 pagaretur
1099 1125 1234 1191 sive
1272 1127 1455 1192 etiam
1514 1126 1821 1207 ferretur,
1870 1142 1940 1191 ut
1994 1129 2144 1192 haec
2191 1125 2345 1194 illud
2390 1127 2584 1194 maxi-

720 1263 820 1310 me
884 1245 1315 1328 expellendum
1396 1244 1848 1324 delendumque
1920 1242 1988 1307 in
2054 1260 2124 1309 se
2203 1244 2580 1326 susciperet.

720 1362 1015 1446 Suscepit
1061 1378 1267 1427 autem
1328 1379 1405 1425 eo
1453 1361 1642 1427 modo
1667 1406 1691 1441 ,
1736 1360 1846 1443 qui
1898 1373 1961 1425 et
2012 1360 2206 1443 ipsam
2242 1361 2485 1425 deceret
2521 1375 2586 1426 et

721 1479 999 1546 hominis
1059 1479 1430 1545 conveniret
1469 1491 1745 1543 naturae.
1832 1478 1995 1544 Nam
2054 1477 2389 1560 exstirpare
2450 1492 2586 1543 non

722 1598 966 1664 studuit
1023 1597 1086 1662 in
1142 1597 1467 1665 hominum
1510 1594 1732 1661 animis
1777 1614 2093 1661 amoremt
2143 1595 2317 1678 quod
2351 1592 2588 1660 frustra

720 1726 1023 1779 tentasset
1059 1730 1121 1779 et
1159 1715 1435 1795 pessimo
1478 1716 1748 1792 eventu3
1818 1713 1930 1777 sed
1989 1712 2300 1779 convertit
2366 1730 2509 1778 eum
2552 1731 2588 1777 a

718 1828 906 1895 rebus
945 1806 1236 1910 turpibus
1279 1844 1341 1893 et
1381 1828 1644 1913 abjectis
1685 1828 1762 1893 ad
1798 1829 2059 1911 pulcra,
2115 1828 2416 1909 honesta,
2477 1831 2591 1894 de·

650 1920 658 1930 ’
714 1962 886 2011 cora.
974 1945 1170 2033 Quod
1224 1945 1406 2011 nisus
1467 1960 1565 2011 est
1622 1949 1863 2011 summa
1915 1964 2038 2027 ope
2086 1946 2422 2026 SocratcS,
2469 1946 2590 2027 qui

715 2065 831 2130 hac
876 2081 998 2130 una
1037 2063 1103 2128 in
1146 2083 1211 2129 re
1251 2063 1374 2128 sibi
1412 2062 1673 2129 maxime
1710 2061 1959 2127 videtur
1999 2062 2331 2145 placuisse.
2376 2069 2589 2133 Ἀλλὰ

715 2186 821 2253 καὶ
861 2185 1025 2263 λέγω
1069 2185 1254 2261 δήπου
1294 2185 1425 2256 ἀεὶ,
1489 2182 1578 2249 ὅτι
1633 2185 1755 2262 ἔγω
1801 2184 2133 2264 τυγχάνω,
2183 2185 2258 2256 ὥς
2314 2181 2455 2256 ἔοι-ος
2504 2184 2590 2250 εἴ·

714 2328 849 2370 πειν
868 2350 888 2374 .
952 2302 1111 2369 οὐδὲν
1171 2301 1531 2379 ἔπιε-άμενος
1591 2301 1748 2374 πλὴν
1791 2304 2036 2397 σμικροῦ
2077 2321 2155 2376 γε
2198 2322 2349 2371 τινος
2390 2302 2589 2379 {cabti-

715 2432 949 2489 ματος,
1010 2414 1152 2475 τὸν
1211 2409 1617 2488 ἐρωτικῶν.
1703 2411 1897 2472 Τοῦτο
1958 2404 2157 2486 μ’,έντοι
2215 2408 2283 2472 τὸ
2324 2406 2590 2485 μάθημα

713 2528 857 2604 παρ’
919 2521 1170 2592 Surium
1232 2528 1513 2602 ποιοῦμαι
1573 2524 1751 2595 δὲῖνος
1795 2519 1942 2591 εἶναι
1987 2524 2088 2591 noc)
2131 2530 2244 2590 τῶν
2287 2546 2594 2603 προγεγο-

712 2640 889 2710 νότων
931 2642 1237 2720 ἀνθρώπων
1280 2639 1381 2705 καὶ
1426 2645 1539 2705 τῶν
1583 2643 1700 2705 νῦν.
1748 2633 1810 2678 ⁰³
1891 2636 2015 2701 Sed
2087 2635 2210 2698 hoe
2268 2637 2531 2716 μάθημα
2563 2646 2611 2715 ‚'

714 2752 899 2834 quale
953 2766 1118 2818 esset
1139 2799 1163 2834 ,
1225 2770 1343 2817 nec
1388 2750 1527 2837 ipse
1599 2750 1847 2817 videtur
1934 2765 2216 2817 accurate
2292 2750 2595 2819 tradidis-

713 2890 786 2937 se
841 2887 905 2939 et
979 2888 1101 2938 nos
1165 2870 1637 2956 ignoraremus,
1720 2866 1863 2937 nisi.
1932 2869 2328 2953 exposuisset
2388 2869 2595 2935 nobis

708 2990 890 3057 Plato
969 3009 1114 3057 cum
1208 2989 1273 3054 in
1364 2986 1686 3054 Convivio
1722 3035 1745 3067 ,
1828 3004 1961 3054 tum
2046 2987 2111 3052 in
2183 2986 2305 3051 hoc
2382 2985 2533 3069 ipso
2562 3030 2590 3066 ‚

711 3123 898 3183 quem
932 3102 1398 3184 percurrimus,
1444 3102 1721 3181 dialogo.
1812 3104 1978 3167 Nam
2014 3103 2257 3168 Socrati
2295 3102 2595 3169 tribuens

709 3237 871 3298 quae
919 3218 1058 3300 ipse
1106 3216 1454 3296 sentiebat,
1518 3215 1760 3281 inducit
1818 3236 1957 3282 eum
2004 3237 2196 3299 porro
2265 3219 2357 3284 sic
2419 3223 2593 3286 celc-

601 3312 610 3323 ’
707 3332 989 3399 brantem
1048 3350 1322 3398 amorem
1369 3333 1753 3411 honestum,
1801 3348 1871 3397 ut
1928 3342 2173 3413 turpem
2216 3337 2593 3415 culpaverat

705 3466 874 3521 ante.
962 3450 1151 3516 Hunc
1211 3458 1365 3515 vero
1409 3448 1798 3517 Platonicum
1825 3496 1850 3530 ,
1908 3467 2256 3515 sermonem
2314 3451 2521 3519 dicam
2550 3457 2588 3521 2

703 3588 783 3638 an
835 3570 1133 3655 hymnum
1161 3615 1186 3650 ,
1247 3580 1321 3631 ut
1385 3564 1803 3649 percipiamus
1853 3566 2103 3650 penitus
2129 3615 2153 3649 ,
2214 3583 2591 3653 tantamtpse

702 3708 1109 3774 assequamur
1166 3685 1659 3768 sublimitatem,
1703 3686 2049 3770 praeparari
2101 3704 2222 3754 nos
2270 3689 2586 3771 quodam-

2436 3826 2585 3872 mo·

775 3987 864 4053 (1)
898 3986 1111 4055 The-ge
1170 3992 1288 4041 128.
1350 3988 1410 4039 Β.
1468 3988 1736 4042 Similiter
1791 3986 1980 4061 Symp.
2021 4006 2136 4057 ¹77·
2174 3987 2247 4038 D.
2308 3958 2379 4055 6ςῖ
2411 3986 2585 4049 οὐδε.

707 4080 864 4154 Φῆμὶ
903 4082 1063 4142 me
1111 4082 1415 4150 ‘nivalem
1461 4084 1490 4148 ἢ
1540 4088 1619 4143 τὰ
1656 4084 1918 4155 ἐρωτικά·
1959 4084 2047 4134 Cf·
2089 4085 2189 4153 ¹93
2225 4082 2290 4135 Β.
