2792 5167
949 431 1327 497 ..159-

182 603 529 688 -ejustnodi
574 601 884 682 republica
945 603 1122 682 plena
1164 596 1464 663 libertatis
1519 615 1653 661 esse
1696 597 1941 662 omnia:
1992 613 2063 662 ut

216 734 287 784 et
324 718 563 802 privata
605 718 831 780 domus
884 715 1085 780 omnis
1124 729 1297 779 vacet
1328 713 1755 780 dominatione
1778 762 1801 794 ,
1846 731 1908 781 et
1943 715 2063 780 hoc

226 836 454 899 malum
497 852 698 915 usque
730 834 806 897 ad
849 831 1073 896 bestias
1112 830 1458 915 perveniat:
1497 832 1760 912 denique
1796 844 1866 895 ut
1902 848 2072 915 pater

236 952 436 1019 filium
499 967 774 1027 metuat,
829 949 993 1014 filius
1051 963 1279 1031 patrem
1324 947 1628 1032 negligat:
1671 949 1833 1014 absit
1871 951 2070 1016 omnis

240 1068 491 1148 pudor,
536 1083 603 1130 ut
633 1070 812 1148 plane
849 1065 1028 1130 liberi
1070 1067 1237 1131 sint:
1278 1065 1432 1130 nihil
1472 1065 1754 1147 intersit,
1795 1066 1953 1131 civis
1993 1068 2078 1132 sit

238 1199 321 1248 an
360 1181 745 1263 peregrinus:
802 1183 1089 1265 magister
1128 1195 1197 1245 ut
1242 1182 1590 1263 discipulos
1631 1196 1863 1246 metuat
1904 1196 1966 1246 et
2001 1182 2078 1246 iis

244 1299 623 1365 blandiatur:
681 1317 1096 1381 spernantque
1154 1298 1444 1381 discipuli
1508 1300 1875 1382 magistros:
1934 1299 2080 1374 adq·

246 1417 547 1481 lescentes
609 1431 679 1480 ut
732 1433 947 1481 senum
1006 1414 1125 1479 sibi
1180 1417 1428 1497 pondus
1484 1430 1844 1497 assumant,
1899 1432 2080 1481 senes

246 1547 448 1597 autem
492 1532 568 1596 ad
604 1532 816 1597 ludum
854 1532 1329 1599 adolescentium
1380 1534 1793 1612 descendant,
1846 1550 1924 1597 ne
1957 1531 2086 1597 sint

238 1649 321 1713 iis
364 1648 568 1714 odiosi
612 1627 679 1712 ac
724 1666 963 1731 graves,
1050 1649 1148 1715 Ex
1187 1668 1313 1731 quo
1344 1649 1456 1728 fit,
1496 1664 1564 1716 ut
1605 1650 1783 1716 etiam
1818 1650 1979 1715 servi
2015 1667 2086 1715 se

249 1766 505 1832 liberius
548 1781 800 1848 gerant:
842 1784 1064 1831 uxores
1101 1769 1309 1832 eodem
1346 1769 1484 1851 jure
1523 1765 1651 1831 sint
1679 1814 1702 1848 ‚
1749 1784 1877 1849 quo
1928 1765 2086 1847 viri;

252 1882 405 1964 quin
450 1886 617 1948 tanta
658 1882 940 1950 libertate
982 1901 1159 1958 canes
1199 1883 1370 1948 etiarn
1423 1899 1482 1948 et
1524 1884 1715 1965 equi,
1774 1884 1942 1950 aselli
1984 1886 2087 1949 de·

260 1999 492 2080 nique,
547 1999 723 2063 liberi
763 1998 932 2080 sint,
979 2000 1424 2074 sicincurrant
1448 2048 1470 2078 ,
1515 2017 1585 2066 ut
1625 2002 1706 2067 iis
1751 2003 1827 2068 de
1855 2002 1954 2068 via
1989 2005 2094 2067 de·

258 2114 596 2180 cedendum
639 2116 744 2181 sit.
828 2115 1004 2200 Ergo
1063 2137 1137 2182 ex
1198 2118 1308 2180 hac
1370 2115 1602 2184 infinita
1666 2118 1914 2184 licentia
1970 2121 2090 2185 hoe

258 2232 505 2310 oritur,
559 2245 627 2296 ut
668 2233 751 2299 ita
786 2231 1138 2300 fastidiosae
1181 2236 1525 2315 mollesque
1565 2248 1802 2298 mentes
1839 2236 2094 2299 evadant

259 2345 490 2412 civium
517 2393 539 2425 ,
583 2363 690 2427 ut,
732 2350 785 2415 si
820 2351 1065 2416 minima
1106 2351 1201 2415 vis
1238 2350 1598 2417 adhibeatur
1628 2351 1904 2432 imperii,
1947 2350 2095 2416 iras-

256 2478 479 2528 cantur
522 2479 581 2530 et
622 2463 890 2548 perferre
927 2483 1271 2549 nequeant:
1333 2488 1408 2533 ex
1458 2487 1585 2549 quo
1629 2469 1794 2551 leges
1842 2485 2097 2549 quoque

260 2579 566 2663 incipiunt
600 2583 945 2666 negligere,
988 2598 1059 2647 ut
1103 2586 1279 2665 plane
1324 2582 1459 2648 sine
1492 2585 1620 2648 ullo
1651 2583 1903 2648 domino
1938 2583 2092 2651 sint.

261 2697 433 2763 Haec
480 2698 667 2780 igitur
703 2699 940 2782 egregia
994 2700 1096 2764 illa
1155 2717 1217 2765 et
1274 2702 1485 2781 pulcra
1551 2700 1900 2782 respublica
1950 2715 2096 2781 est,

263 2834 341 2880 ex
385 2834 508 2896 qua
548 2814 820 2899 tyrannis
864 2817 1163 2884 nascitur.
1233 2813 1482 2882 Scilicet
1524 2826 1559 2899 ἦ
1602 2820 1768 2899 ἄγαν
1807 2805 2101 2903 {aenaeam

263 2935 445 3001 ἔοικεν
501 2938 604 3002 οὐκ
642 2936 726 3009 εἰς
767 2935 925 3003 ἔλλό
962 2960 1021 3003 τι
1064 2936 1099 3012 ἦ
1141 2939 1223 3010 εἰς
1264 2937 1437 3015 ἄγαν,
1469 2938 1734 3005 δουλείαν
1770 2938 2097 3019 μεταβάλ-

262 3067 391 3117 λειν
432 3051 532 3116 καὶ
573 3052 766 3133 ἰδιώτῃ
810 3051 910 3118 καὶ
932 3071 947 3082 ·
967 3053 1181 3129 πόλει,
1243 3054 1440 3114 ne’mia
1492 3051 1748 3117 libertas
1806 3054 1984 3118 haud
2028 3058 2098 3118 r'n

264 3163 448 3229 aliud
484 3165 644 3251 quid
690 3163 941 3231 vt‘detur
963 3211 985 3243 ,
1047 3187 1233 3249 quam
1294 3170 1552 3231 nimiam
1611 3171 1680 3230 r‘n
1742 3172 2096 3234 servitutem

266 3278 480 3360 abire,
523 3298 654 3347 tam
692 3285 946 3369 privato
987 3285 1251 3361 honn'm‘,
1295 3303 1481 3367 quam
1523 3285 1798 3348 civitati.
1829 3284 1910 3350 (ι)

357 3396 530 3480 Quid
574 3398 874 3463 efficerent
917 3398 978 3461 in
1020 3399 1375 3463 civitatibus
1417 3399 1808 3479 tyrannides,
1842 3399 2107 3465 animad-

269 3529 505 3578 vertere
544 3512 723 3579 facile
758 3516 933 3581 Plato
966 3534 1106 3602 cum
1146 3515 1450 3594 Athenis,
1489 3531 1619 3578 tum
1657 3514 1791 3578 aliis
1823 3514 1885 3579 in
1923 3515 2103 3580 rebus

268 3628 535 3712 publicis
578 3630 874 3697 Graeciae
900 3677 923 3710 ,
976 3646 1105 3696 tum
1151 3632 1216 3695 in
1257 3630 1474 3715 primis
1509 3629 1829 3711 Syracusis
1866 3630 2097 3711 potuit.

258 3747 420 3814 Illud
460 3767 607 3814 vero
648 3748 824 3813 -znice
862 3748 1293 3831 philosophiae
1328 3747 1589 3826 debuit,
1640 3760 1709 3811 ut
1749 3746 1870 3809 hoc
1910 3746 2097 3811 ruodo

1979 3883 2100 3931 ort·

318 4026 397 4094 (1)
426 4027 508 4074 υ.
532 4027 672 4093 περ.
702 4023 865 4077 vttt.
885 4025 1002 4080 562.
1034 4025 1102 4077 A.
1122 4050 1181 4070 -.
1206 4025 1324 4081 ⁵64.
1353 4029 1423 4080 A.
1445 4025 1533 4081 cr.
1554 4024 1670 4079 cic.
1693 4025 1912 4094 αιιιφ.
1945 4023 1987 4076 1.
2011 4022 2098 4077 43.
