2792 5167
1421 477 1784 538 ...40-

677 640 924 710 modo?
962 674 1056 694 —
1096 638 1344 707 Pierine
1384 636 1576 723 igitur
1635 650 1895 722 potest,
1940 649 2014 703 ut
2060 638 2267 704 eadem
2320 651 2538 703 natura

675 762 1008 846 Φιλόσοφος
1071 754 1158 821 Sit
1213 768 1284 821 et
1343 758 1751 839 Φιλοψεῦἶηςς
1831 753 2198 838 sapientiam
2258 767 2418 819 amet
2470 768 2541 819 et

677 855 1121 944 mmdacium?
1161 907 1251 924 —-
1281 869 1445 936 Non
1494 883 1735 955 potest.
1776 906 1871 922 —-
1908 869 2081 954 Ergo
2114 868 2401 938 discendi
2438 887 2550 934 cu·

681 989 1219 1078 pidus‚·necesse
1263 1001 1414 1068 est,
1458 999 1535 1052 ut
1580 1004 1615 1052 a
1673 1004 1874 1069 puero
1926 984 2071 1051 inde
2118 1003 2369 1052 omnem
2436 1003 2552 1051 vc-

677 1102 919 1172 ritatem
978 1102 1378 1170 vehanenter
1415 1113 1697 1186 appetat.
1739 1131 1837 1150 -
1872 1101 2163 1168 Prorsus·
2206 1139 2296 1154 -—
2334 1101 2541 1183 Atqui

537 1257 546 1264 ·
680 1219 853 1305 apud
904 1236 1092 1303 quem
1152 1217 1529 1302 cupiditates
1591 1216 1658 1284 in
1712 1231 1949 1285 certum
2005 1218 2292 1301 quiddam
2350 1218 2545 1284 vehe-

679 1348 924 1406 menter
970 1335 1241 1403 tendunt
1262 1381 1290 1418 ,
1354 1334 1634 1417 scimus,
1694 1351 1797 1401 eas
1854 1333 1919 1400 in
1973 1332 2089 1400 alia
2144 1332 2352 1400 omnia
2406 1335 2549 1401 len-

677 1452 812 1521 tius
892 1451 1326 1535 procederes
1368 1465 1443 1519 ut
1510 1450 1744 1518 flumen
1804 1451 1954 1517 illuc
2014 1449 2383 1518 derivatum.
2422 1485 2557 1507 --

682 1563 987 1653 Quidni?
1043 1601 1139 1624 --
1195 1543 1393 1651 Apud
1446 1585 1636 1650 quem
1696 1567 1886 1653 igitur
1934 1567 2014 1633 ad
2073 1566 2433 1652 disciplinas
2488 1584 2557 1634 et

686 1681 914 1750 similia
956 1683 1166 1751 omnia
1201 1682 1569 1767 profluunt,
1611 1684 1814 1769 ipsius
1872 1699 2157 1769 spectant
2200 1684 2387 1751 animi
2433 1704 2552 1751 vo-

685 1802 992 1885 luptatem
1017 1847 1043 1883 ‚
1101 1797 1388 1883 corporis
1440 1817 1571 1865 non
1622 1815 1915 1882 spectant
1938 1821 1960 1866 ε
2024 1802 2081 1867 si
2130 1800 2379 1884 quidem
2403 1820 2554 1890 non

681 1914 850 1984 falso
914 1916 1059 2001 quis
1113 1914 1234 1998 sit,
1280 1914 1396 1981 sed
1449 1931 1596 1981 vere
1627 1914 2083 2000 philosophus.
2128 1953 2226 1972 -
2266 1918 2552 1986 Summo·

685 2052 840 2120 pere
890 2050 1154 2101 necesse
1200 2045 1324 2099 est.
1367 2063 1463 2086 ·--
1503 2029 1891 2115 Temperans
1930 2030 2126 2116 igitur
2169 2033 2315 2099 talis
2357 2034 2546 2098 homo

687 2149 810 2218 erit
859 2149 1243 2231 minimeque
1291 2146 1597 2230 pecuniae
1629 2145 1898 2246 cupidus
1924 2168 1947 2214 ι
1992 2151 2178 2235 cujus
2220 2151 2383 2217 enim
2423 2169 2561 2237 gra·

685 2269 778 2336 tii
831 2268 1030 2352 vulgo
1077 2279 1143 2331 et
1195 2263 1596 2346 acquirendis
1656 2278 1725 2331 et
1783 2265 2213 2349 expendendis
2275 2264 2562 2351 pecuniis

684 2382 978 2450 studetur
993 2427 1020 2462 ‚
1064 2380 1130 2447 id
1171 2380 1429 2447 studere
1488 2380 1680 2447 alium
1735 2382 2026 2465 quemvis
2087 2384 2282 2471 magis
2301 2433 2326 2467 ‚
2368 2403 2561 2469 quam

683 2499 863 2566 illum
886 2544 912 2580 ‚
953 2497 1194 2565 deceat.
1247 2531 1344 2553 --
1394 2494 1707 2566 Omnino.
1767 2534 1864 2556 ·-
1920 2499 2012 2567 Et
2064 2518 2216 2568 vero
2254 2502 2319 2568 id
2376 2503 2563 2571 edam

687 2612 1087 2688 considerare
1122 2625 1384 2696 oportet
1408 2658 1434 2693 ,
1478 2610 1537 2677 si
1578 2591 1939 2681 di'scernere
1975 2615 2412 2703 philosopham
2454 2638 2569 2685 na·

687 2746 892 2800 tutam
918 2776 947 2813 ,
984 2745 1273 2812 quaeque
1328 2744 1461 2794 nou
1512 2727 1602 2794 sit
1641 2729 2069 2814 philosopha,
2128 2733 2286 2801 velis
2331 2730 2422 2800 ω.
2464 2769 2566 2789 —-

687 2848 865 2934 Quid
919 2847 1218 2913 undem?
1256 2884 1358 2904 -
1393 2845 1507 2940 Ne
1544 2844 1750 2932 fugiat
1796 2862 1912 2939 te,
1954 2848 2390 2919 illiberalitatis
2428 2869 2563 2919 eam

683 2980 830 3030 esse
885 2961 1298 3046 participem:
1364 2961 1873 3046 pusillanimitate
1924 2963 2092 3028 enim
2144 2965 2304 3030 nihil
2359 2968 2560 3050 magis

693 3075 1073 3146 contrarium
1105 3075 1335 3144 -animo
1395 3092 1540 3159 est,
1608 3074 1720 3159 qui
1768 3094 1867 3144 res
1902 3094 2146 3144 omnes
2201 3078 2444 3146 divinas
2495 3096 2564 3150 et

695 3196 998 3262 humanas
1030 3206 1196 3260 totas
1231 3193 1443 3260 studet
1479 3192 1793 3277 amplecti.
1817 3192 2108 3259 -Nihil
2127 3193 2566 3278 profecto..-

699 3310 829 3381 cni
883 3328 1038 3379 vero
1097 3310 1291 3378 menti
1349 3309 1821 3395 magnanimitas
1877 3309 2132 3394 propria
2174 3312 2567 3380 est-'omnis-

699 3448 828 3515 que
899 3428 1201 3513 temporis
1273 3443 1338 3495 et
1413 3427 1698 3495 veritatis
1775 3428 2216 3514 contemplatio
2235 3476 2261 3512 ,
2347 3429 2569 3501 fierine

697 3563 894 3634 posse
933 3559 1120 3631 putas
1139 3590 1167 3628 ‚
1229 3561 1302 3611 ut
1346 3542 1493 3610 huic
1552 3561 1845 3630 magnum
1903 3543 2060 3628 quid
2098 3564 2243 3614 esse
2287 3547 2572 3618 videatur

2435 3664 2566 3738 vita.

765 3836 853 3910 (ι)
892 3834 1081 3890 Antin-
1107 3850 1169 3903 p.
1200 3832 1322 3888 ⁵55.
1355 3846 1459 3902 pro
1492 3827 1667 3904 Φύσιν
1705 3827 2031 3904 Φιλόσοφον
2086 3835 2309 3903 scripsit
2355 3830 2421 3906 Φ.
2468 3831 2575 3907 Qe-

700 3940 996 4016 aermon,
1046 3952 1110 3998 ut
1162 3950 1332 4003 vertit
1383 3950 1639 4016 ricinum
1694 3951 1829 4005 mihi
1860 3951 2074 4025 vulgata
2107 3952 2271 4008 lectio
2295 3992 2311 4020 ,
2371 3956 2574 4040 quippe

696 4047 852 4106 unice
887 4043 1163 4110 Platonic-
1187 4084 1203 4115 ,
1242 4050 1511 4110 servanda
1541 4050 1775 4110 videtur.
