2792 5167
1494 495 1850 560 -32-1

723 669 908 742 nam3
949 659 1210 741 antiquo
1251 656 1469 725 habitu
1489 676 1512 722 ε
1557 655 1926 756 interpretes
1960 675 2115 722 vero
2157 655 2554 741 philosophiae

722 776 819 843 sic
843 779 1169 857 loquentes
1201 788 1465 859 pergent
1493 774 1789 842 inducere
1823 776 2142 840 Socratem
2160 822 2186 856 ‚
2227 775 2515 842 Platonem
2532 822 2554 857 ‚

568 875 577 883 ’
631 893 637 898 ’
721 891 1124 960 Aristotelem
1148 939 1173 966 .,
1238 906 1312 957 ut
1354 891 1570 958 audire
1633 891 1956 959 videamur
2017 909 2151 957 non
2203 894 2432 975 hosce,
2469 895 2561 960 sed

718 1006 1075 1076 caroesimn
1093 1055 1117 1090 ‚
1175 1007 1565 1075 Leibnitium
1589 1056 1611 1091 ,
1673 1005 1982 1075 Baconetn
2006 1009 2041 1075 ἓ
2098 1010 2222 1077 Est
2265 1029 2413 1076 vero
2456 1011 2560 1076 hoc

720 1130 967 1192 summu
1020 1143 1147 1209 ope
1202 1126 1528 1192 nitendum
1595 1126 1853 1194 Criticis
1876 1175 1900 1210 ‚
1959 1141 2033 1191 ut
2085 1125 2406 1209 repudiato
2457 1128 2565 1192 hoc

716 1243 941 1312 habitu
988 1257 1212 1310 nostro
1232 1292 1261 1325 ‚
1296 1263 1415 1311 sua
1465 1246 1769 1328 prodeant
1809 1259 1872 1312 et
1930 1242 2334 1327 simplicitate
2383 1242 2572 1309 nativa

717 1361 974 1429 εει-’νεὼ
1004 1361 1389 1429 sublimitate
1425 1360 1794 1447 philosophi
1839 1360 2130 1443 antiqui:
2173 1359 2447 1441 criticis,
2485 1357 2572 1424 in·

718 1499 950 1564 quam,
994 1481 1119 1548 hoc
1170 1480 1474 1564 agendum
1499 1527 1525 1562 ,
1571 1480 1810 1564 quippe
1869 1477 1985 1564 qui
2037 1492 2346 1562 praestare
2394 1490 2576 1542 caete-

720 1598 807 1664 ris
854 1598 1094 1685 judicio
1139 1597 1481 1680 videntur,
1547 1612 1610 1663 et
1655 1598 1937 1664 omnium
1985 1597 2251 1663 maxime
2305 1613 2516 1662 verum
2543 1613 2580 1660 a

716 1714 925 1796 filso,
962 1735 1094 1780 rem
1134 1736 1171 1779 a
1220 1716 1428 1797 specie
1483 1715 1874 1795 distinguere
1914 1714 2170 1779 debent.
2282 1711 2426 1777 Hoc
2479 1729 2584 1777 au·

717 1836 843 1890 tem
894 1834 968 1888 ut
1020 1820 1259 1892 dudum
1300 1819 1715 1888 histituerunt
1780 1818 2035 1886 maximi
2084 1818 2328 1901 quique
2364 1817 2429 1883 in
2484 1814 2584 1884 hia

719 1935 949 2008 studiis
1012 1936 1133 2004 viri
1175 1983 1201 2018 ,
1286 1936 1373 2004 it'a
1431 1954 1511 2001 eo
1567 1935 1898 2004 contendit
1960 1954 2074 2019 per
2133 1945 2330 2002 totam
2402 1932 2587 2001 vitam

716 2053 1285 2138 wyttenbachius:
1333 2054 1623 2137 idemque
1659 2054 1773 2126 has
1810 2051 2082 2122 Critices
2121 2065 2329 2134 partes
2369 2049 2435 2118 in
2467 2051 2602 2134 pri-

722 2174 844 2242 mi's
892 2174 1184 2242 censebat
1225 2191 1444 2256 graves
1479 2188 1543 2238 et
1583 2169 1983 2238 necessarias.
2091 2166 2392 2236 Refertur
2446 2166 2548 2235 illa
2567 2213 2595 2250 ,

719 2290 963 2370 aiebat,
1024 2289 1101 2356 ad
1153 2289 1389 2371 scripta
1437 2300 1764 2369 veterum3
1832 2287 1948 2354 aed
2001 2283 2275 2369 pertinet
2325 2283 2471 2354 item
2519 2285 2602 2352 ad

722 2419 940 2474 eorum
988 2423 1087 2474 res
1144 2419 1207 2470 et
1255 2403 1587 2486 opiniones
1629 2402 1676 2469 i.
1724 2423 1785 2470 e.
1831 2421 2037 2470 mores
2060 2450 2084 2485 ,
2149 2404 2363 2488 leges,
2425 2401 2614 2470 insti-

722 2535 858 2588 tuta
879 2568 903 2604 ,
965 2534 1131 2587 artes
1148 2567 1176 2601 ‚
1239 2520 1464 2603 placita
1487 2566 1510 2601 ‚
1577 2518 1894 2603 politicam
1969 2539 2214 2590 omnem
2277 2534 2339 2586 et
2396 2521 2616 2603 philo-

722 2638 1009 2722 sophiam
1031 2685 1056 2719 ‚
1104 2655 1263 2719 quae
1311 2636 1576 2722 judicari
1625 2635 2047 2720 explicarique
2096 2656 2174 2702 ex
2215 2634 2624 2718 antiquitatis

724 2754 970 2824 ratione
1015 2773 1147 2822 non
1193 2753 1405 2822 minus
1452 2755 1708 2837 debent,
1755 2775 1942 2837 quam
1985 2754 2123 2839 ipsa
2169 2753 2425 2839 scripta.
2537 2753 2628 2820 In

726 2873 1022 2955 utrisque
1072 2887 1278 2942 autem
1333 2872 1718 2940 illustrandis
1771 2876 1984 2942 eadem
2042 2873 2153 2942 via
2213 2870 2626 2956 progreditur

730 2990 995 3059 Critica.
1085 2990 1177 3057 Ut
1230 2991 1464 3072 scripta
1520 2990 2007 3074 interpretetur,
2072 3011 2152 3060 ex
2183 2991 2328 3073 ipsa
2369 2990 2636 3074 lingua-

729 3125 871 3178 rum
932 3106 1143 3174 indole
1208 3124 1399 3172 voces
1479 3118 1543 3170 et
1623 3106 1930 3174 dictiones
2013 3125 2352 3188 earumque
2409 3107 2638 3175 varias

731 3220 1223 3306 significationes
1274 3222 1568 3305 explicat.
1687 3224 1836 3309 Qua
1885 3223 1950 3289 in
2005 3241 2072 3288 re
2118 3223 2414 3291 excelluit
2457 3223 2638 3292 Tib.

726 3337 1255 3408 ‘Hamsterhusius
1302 3353 1364 3406 et
1410 3353 1734 3423 quotquot
1777 3341 2036 3410 fuerunt
2083 3341 2301 3410 divino
2346 3340 2499 3407 viro
2545 3341 2650 3406 si-

736 3454 919 3536 miles
941 3503 967 3538 ‚
1034 3454 1147 3538 qui
1203 3453 1492 3528 adhibito
1538 3455 1856 3543 analogiae
1912 3457 2151 3525 lumine
2171 3505 2197 3540 ,
2253 3457 2656 3526 mirabiliter

734 3573 1128 3648 illustrarunt
1180 3575 1432 3642 abditos
1487 3591 1780 3658 quosque
1841 3590 1905 3641 et
1947 3575 2197 3657 linguae
2233 3574 2532 3644 Graecae
2575 3590 2658 3643 et

741 3691 1121 3764 Graecarum
1179 3691 1502 3762 literarum
1553 3712 1874 3764 recessus.
1980 3693 2282 3764 Similiter
2336 3709 2664 3762 versatur

743 3809 983 3886 Critica
1021 3811 1090 3880 in
1134 3812 1324 3880 rebus
1387 3826 1672 3880 veterum
1732 3826 1796 3877 et
1853 3811 2267 3895 opinionibus
2321 3813 2667 3894 interpre-

744 3927 995 3996 tendis.⁴
1082 3929 1191 3998 Ex
1232 3929 1373 4012 ipsa
1407 3927 1799 4012 antiquitatis
1845 3928 2056 3996 indole
2101 3945 2163 3995 et
2204 3927 2439 4011 repetit
2499 3927 2674 3994 illas

736 4059 815 4119 «et
849 4045 1163 4136 declarat..
1225 4044 1426 4134 Quod
1464 4048 1829 4132 eloquenter
1867 4043 2327 4120 commendavit
2388 4043 2680 4116 Ernes-

740 4221 763 4256 ι
798 4197 809 4216 .
926 4237 935 4246 ,
2515 4174 2684 4231 tius
