2792 5167
1472 467 1855 531 -108—

717 659 912 723 quum
965 646 1042 711 de
1092 663 1293 711 rerum
1347 646 1588 729 origine
1643 662 1708 713 et
1776 649 2139 719 conditione
2204 667 2561 737 praesenta

715 777 847 842 quo
877 761 964 825 nil
997 781 1292 843 umquam
1335 765 1674 849 elegantius
1700 766 2163 852 sublimiusque
2202 773 2568 855 excogitavit

715 875 985 940 hominis
1049 877 1366 959 ingenium
1392 898 1415 945 ε
1476 882 1667 950 chaos
1741 879 1944 949 fuisse
1995 884 2307 968 primum,
2368 906 2568 953 rerum

713 990 1140 1061 universarum
1183 995 1491 1080 principia
1530 999 1905 1083 continens,
1988 1005 2099 1069 sed
2150 1004 2367 1070 rudem
2413 1004 2570 1070 indi·

713 1125 1075 1194 gestamque
1111 1114 1379 1195 molem,
1427 1114 1492 1180 in
1536 1135 1660 1197 qua
1698 1119 1908 1184 omnia
1958 1119 2225 1188 fluerent
2262 1120 2575 1189 contrario

710 1242 889 1299 motu
943 1245 1005 1295 et
1054 1228 1120 1295 in
1175 1250 1244 1296 se
1294 1231 1561 1298 invicem
1618 1233 1992 1316 agitarentur
2042 1237 2384 1303 elementa:
2435 1251 2571 1302 tum

707 1363 862 1409 vero
884 1393 908 1425 ‚
965 1347 1172 1413 ecce.!·
1218 1363 1433 1417 natum
1498 1368 1637 1416 esse
1704 1350 2036 1433 Amorem,
2091 1372 2219 1436 quo
2295 1366 2518 1441 exorto
2540 1400 2567 1434 ‚

708 1461 918 1528 omnia
959 1483 1096 1534 esse
1139 1464 1477 1540 confestim
1519 1487 1590 1532 ac
1634 1482 1865 1551 sponte
1898 1467 1964 1533 in
2012 1468 2291 1535 ordinem
2316 1484 2379 1535 et
2421 1488 2579 1536 con·

708 1596 957 1647 centum
1009 1584 1251 1650 redacta
1271 1630 1295 1664 ,
1340 1602 1411 1653 ac
1465 1583 1905 1666 pulcerrimum
1962 1585 2323 1668 exstitisse,
2386 1604 2574 1668 quem

706 1717 875 1766 nunc
904 1701 1318 1780 admiramur,
1357 1702 1688 1768 mundum.
1736 1701 1801 1749 (Ψ
1850 1702 2031 1787 Quae
2068 1702 2243 1769 fictio
2273 1682 2575 1786 perquam

704 1816 947 1900 placuit
997 1816 1274 1898 antiquis
1322 1816 1542 1900 poetis,
1573 1830 1636 1880 et
1668 1815 2092 1899 philosophis.
2177 1817 2346 1885 Hinc
2404 1817 2574 1884 enim

707 1951 848 1999 cum
882 1933 998 1999 alia
1037 1934 1231 2000 multa
1252 1982 1275 2017 ‚
1320 1924 1465 1999 tum⁴
1496 1933 1899 2015 Empedoclis
1936 1936 2121 2019 φιλία
2153 1936 2255 2004 καὶ
2293 1946 2477 2011 νεῖκος
2510 1935 2577 1981 (·)

705 2066 768 2117 et
805 2057 982 2138 μῦθος
1020 2054 1189 2136 apud
1238 2052 1724 2134 Aristophanem
1788 2050 1855 2116 in
1913 2050 2289 2133 pulcerrimo
2356 2050 2573 2118 avium

701 2172 901 2237 choro
925 2219 950 2252 ‚
997 2170 1109 2236 ubi
1139 2171 1295 2238 Nox
1331 2145 1565 2238 dicitur
1611 2169 1677 2239 in
1707 2168 1902 2241 Erebi
1939 2167 2088 2239 sinu
2134 2187 2331 2237 ovum
2377 2189 2576 2254 pepe-

700 2287 896 2353 risse:
928 2286 995 2331 <³²

783 2408 853 2488 ἐξ
879 2404 947 2476 οὗ
976 2409 1494 2491 περιτελλομέναις
1518 2406 1687 2489 ὥραις
1712 2406 1995 2488 ’ἕβλαςεν
2015 2407 2257 2488 Ἐρωςὸ
2286 2408 2573 2481 ποθεινός.

699 2521 876 2587 Nato
913 2536 1117 2588 autem
1149 2539 1358 2586 amore
1380 2568 1404 2603 ‚
1449 2519 1591 2586 drta
1620 2521 1915 2595 dicuntur
1953 2520 2159 2588 omnia
2185 2568 2210 2604 ,
2253 2520 2380 2605 ipsi
2406 2523 2571 2587 adeo

700 2637 1020 2712 exstitisse
1056 2637 1162 2705 Dii
1232 2638 1636 2709 immortales.

785 2759 1058 2843 πρότερον
1083 2761 1133 2828 δ’
1169 2763 1277 2829 οὐκ
1313 2755 1380 2836 ἦν
1412 2760 1582 2839 γένος
1613 2757 1956 2832 Mandrum
2002 2758 2135 2841 πρὶν
2163 2759 2356 2840 Ἔρως
2399 2754 2574 2825 συνέ·

2088 2876 2264 2957 μιξεν
2306 2871 2569 2943 ἅπαντα

776 2998 1273 3080 ξυμμιγνυμένων
1290 2997 1341 3064 δ’
1370 2995 1579 3077 ἑτέρων
1600 2995 1811 3078 ἑτέροις
1830 3045 1851 3071 ,
1885 2995 2081 3075 γένετ’
2120 2994 2351 3075 οὐρανὸς
2383 2996 2573 3059 &nea-

2359 3109 2452 3182 νός
2494 3132 2569 3175 τε

786 3225 888 3297 καὶ
918 3228 1034 3303 γὴ,
1080 3226 1322 3295 πάντων
1359 3253 1430 3295 τε
1475 3229 1610 3297 θεῶν
1645 3228 1930 3310 μακάρων
1960 3226 2129 3307 γένος·
2165 3223 2445 3307 ὤφθη-ον’

781 3338 908 3405 Sed
948 3354 1167 3421 pergat
1226 3339 1521 3425 deinceps
1550 3342 1903 3408 Phaedrus·
1979 3341 2144 3405 Nam
2184 3338 2317 3420 ejus
2346 3335 2575 3417 ,oratio

693 3458 818 3544 jam
870 3456 1174 3522 continuo
1218 3457 1406 3527 nobis
1461 3455 1791 3524 declarabit
1812 3502 1836 3537 ‚
1901 3452 2106 3535 qualis
2166 3451 2251 3517 sit
2311 3450 2571 3518 tandem

694 3595 870 3645 amor
903 3576 1289 3649 Platonicus.
1381 3623 1435 3659 ‚‚
1456 3576 1550 3644 Ut
1589 3588 1792 3640 autem
1837 3566 2207 3639 veterrimus
2248 3580 2345 3637 est
2390 3568 2573 3637 Deo·

694 3714 834 3762 rum
855 3741 880 3777 ‚
940 3694 1027 3762 ita
1083 3694 1491 3761 maximorum
1543 3688 1731 3757 nobis
1787 3687 2103 3754 bonorum
2153 3701 2375 3753 auctor
2431 3700 2561 3754 est.

2384 3802 2559 3869 Nam

767 3988 847 4057 (ι)
889 3987 1114 4063 Symph.
1157 3990 1255 4059 178
1295 3991 1363 4042 A.
1415 3990 1475 4044 B.
1640 3989 1720 4058 (2)
1783 3985 1951 4043 Arist.
2006 3981 2248 4051 metaph.
2289 3980 2336 4034 Ι.
2395 3979 2443 4031 Ι.
2495 3978 2553 4041 4.

770 4076 850 4150 (5)
895 4075 1057 4130 Avih.
1094 4092 1171 4127 vs.
1208 4078 1328 4146 696.
