2792 5167
1124 375 1488 437 -77-2

341 535 619 604 caeteris
642 580 670 615 ,
730 552 795 602 et
862 534 1107 602 civibus
1158 534 1506 620 aliquando
1567 534 1711 602 suis
1773 550 2123 619 praeessent
2163 551 2237 600 et

348 652 652 720 civitates
692 652 964 719 moribus
1000 653 1377 737 legibusque
1412 667 1860 736 temperarent.
1938 652 2048 718 Ad
2077 650 2242 734 quod

355 765 512 832 it·-
588 767 1020 834 instituendum
1095 768 1375 835 valuisse
1456 768 1923 851 quodammodo
1995 766 2245 833 videtur

353 875 757 942 sacerdotum
796 877 956 959 apud
993 875 1344 943 orientales
1387 877 1771 959 exemplum.
1847 875 2078 940 Valere
2112 893 2245 940 cer-

351 1005 427 1056 te
481 1008 559 1057 eo
616 990 824 1058 minus
902 992 1113 1076 potuit
1190 993 1581 1060 Graecorum
1643 993 1804 1059 ratio
1852 992 1933 1059 ad
1987 991 2240 1058 civilem

340 1109 783 1192 aequalitatem
822 1158 846 1193 ,
933 1131 1119 1193 quam
1220 1110 1637 1178 Orientalium
1717 1111 1796 1177 ad
1874 1109 2236 1194 principum

332 1227 813 1294 venerationem
905 1230 1375 1294 accommodata
1454 1227 1679 1308 magis·
1788 1228 1931 1292 Nec
2012 1229 2240 1294 desunt

326 1343 709 1429 Aegyptiae
766 1342 1194 1408 institutionis
1250 1343 1520 1426 vestigia
1573 1343 1639 1408 in
1688 1343 2004 1425 republica
2040 1345 2241 1410 Plato-

330 1458 453 1525 nis
472 1505 502 1542 ‚
542 1457 1019 1541 Pythagoricae
1058 1459 1285 1524 rationi
1327 1459 1516 1542 plane
1555 1476 1993 1528 consentanea.
2080 1464 2201 1529 Sed
2219 1511 2245 1546 ,

342 1587 435 1640 ut
486 1574 816 1641 mittamus
878 1573 1081 1654 illud,
1127 1593 1244 1641 nec
1298 1596 1494 1659 porro
1553 1595 2003 1660 persequamur
2038 1579 2252 1646 Socca-

334 1692 433 1764 tis
474 1711 625 1758 cum
674 1692 1034 1776 Pythagora
1091 1695 1659 1775 comparationem,
1720 1714 1796 1760 ex
1837 1696 1959 1761 hoc
1993 1698 2252 1781 Aegyp-

330 1810 585 1880 tiorum
640 1809 821 1876 fonte
876 1809 1223 1877 doctrinam
1276 1811 1357 1874 de
1412 1809 1619 1875 animo
1676 1810 1959 1877 hausisse
1998 1812 2248 1879 videtur

328 1926 774 2009 Pythagoras.
860 1922 1091 1989 Refert
1152 1924 1572 2005 Herodotus,
1627 1921 1690 1964 ω
1750 1927 1988 2008 primos
2045 1928 2250 1996 fuisse

344 2040 727 2128 Aegyptios
788 2037 899 2122 qui
961 2037 1278 2120 dicerent,
1321 2039 1595 2106 animum
1640 2041 1912 2106 hominis
1972 2062 2111 2112 esse
2139 2046 2254 2110 im-

337 2161 726 2238 mortalem,
786 2171 943 2242 post
1007 2156 1303 2241 corporis
1372 2177 1527 2224 vero
1577 2157 1900 2224 interitum
1970 2161 2030 2226 in
2088 2161 2256 2229 aliud

334 2280 647 2364 deinceps
718 2294 985 2344 nascens
1053 2276 1279 2343 animal
1333 2275 1729 2358 immigrare:
1799 2298 2083 2362 cumque
2141 2299 2253 2364 per

337 2396 564 2466 omnia
619 2394 980 2478 terrestria,
1038 2394 1269 2460 marina
1327 2409 1390 2460 et
1451 2395 1733 2462 volucria
1785 2397 2075 2463 animalia
2135 2397 2256 2462 cir-

328 2513 591 2582 cuitum
652 2509 910 2578 fecisset
932 2558 957 2592 ,
1003 2530 1142 2579 eum
1198 2510 1424 2576 iterum
1464 2527 1813 2579 nascentem
1861 2514 1928 2579 in
1970 2514 2251 2584 hominis

332 2649 587 2715 corpus
626 2627 981 2711 immigrare
1001 2646 1023 2691 ι
1071 2644 1135 2691 et
1178 2625 1348 2692 bunc
1388 2626 1471 2692 ab
1515 2648 1591 2693 eo
1637 2629 1977 2696 circuitum
2017 2632 2247 2698 confici

342 2746 550 2811 trium
608 2742 879 2808 millium
949 2760 1253 2807 annorum
1316 2745 1547 2823 spatio.
1634 2745 1696 2808 A
1749 2744 1993 2827 quibus
2055 2744 2252 2813 initiis

344 2859 701 2945 profectus
752 2856 1194 2939 Pythagoras,
1257 2854 1741 2939 philosophatus
1797 2858 2105 2925 subtilius
2163 2879 2259 2928 est

336 2978 423 3047 de
455 2975 827 3044 animorum
878 2991 1001 3057 per
1042 2972 1155 3038 has
1196 2953 1595 3057 mim-atioues
1635 2977 2103 3061 emendatione,
2145 2998 2257 3046 eo-

336 3083 621 3179 rumque
664 3107 789 3158 tam
828 3089 1141 3176 pristina,
1186 3111 1371 3174 quam
1413 3090 1623 3161 futura
1668 3096 2079 3184 conditione,
2122 3115 2251 3168 sta-

332 3215 640 3299 tuitque,
684 3230 811 3278 nos
863 3209 1119 3276 aliunde
1171 3209 1238 3276 in
1299 3210 1458 3279 hanc
1507 3228 1722 3282 terram
1760 3215 2115 3303 migrasse,
2158 3233 2254 3284 at-

342 3351 505 3415 que,
577 3347 649 3398 ut
711 3329 957 3399 Cicero
1013 3327 1451 3414 interpretatur
1473 3384 1494 3410 ,
1557 3334 1739 3417 quasi
1799 3335 1870 3400 in
1934 3347 2254 3400 mercatus

352 3450 660 3528 quandam
723 3443 1154 3513 celebritatem
1217 3465 1295 3511 ex
1346 3446 1508 3513 urbe
1543 3447 1755 3531 aliqua
1775 3494 1803 3530 ‚
1845 3445 1943 3512 sic
1985 3442 2058 3507 in
2099 3442 2256 3512 hane

358 3562 549 3628 vitam
582 3567 669 3629 ‘ex
696 3563 823 3629 alia
867 3561 997 3628 vita
1037 3575 1099 3627 et
1135 3577 1355 3630 natura
1395 3560 1724 3648 profectos
1767 3558 1835 3608 ‘¹³

442 3675 870 3762 Pythagorica
934 3694 1062 3743 non
1112 3679 1320 3746 minus
1351 3724 1377 3759 ,
1424 3697 1614 3761 quam
1664 3674 2037 3757 Socratica,
2072 3674 2256 3744 disci-

356 3895 363 3902 ’
426 3930 523 4002 (ι)
561 3934 641 3990 ιι.
682 3930 813 3988 ns.
882 3923 1275 4005 (ornav.
1311 3925 1366 3985 s»
