2792 5167
1436 433 1779 511 ...4⁸—

695 630 914 686 musne
934 658 958 695 ,
1038 624 1112 680 ut
1182 609 1368 694 pueri
1426 627 1511 677 ne
1565 607 1936 677 verberibus
2008 608 2259 692 quidem
2304 629 2341 678 a
2399 629 2543 680 con·

691 728 1062 815 templandis
1150 727 1342 796 rebus
1432 725 1996 811 perquirendisque
2071 725 2542 794 deterreantur?

690 861 763 913 ut
811 846 982 931 pulsi
1026 844 1347 926 requirant
1389 857 1459 910 et
1528 842 1767 924 aliquid
1827 843 1991 912 scire
2046 863 2117 912 se
2192 844 2499 928 gaudeant
2519 845 2553 910 i·

689 978 766 1034 ut
826 964 964 1030 aliis
1021 980 1262 1031 narrare
1317 959 1647 1046 gestiant?
1706 973 1780 1024 ut
1818 961 2098 1044 pompa,
2157 959 2325 1028 ludis
2365 973 2561 1043 atque

691 1078 1004 1166 ejusmodi
1067 1077 1435 1160 spectaculis
1493 1057 1817 1144 teneantur
1838 1123 1863 1157 ‚
1920 1075 2017 1156 ,ob
2100 1095 2370 1160 eamque
2418 1096 2555 1154 rem

656 1197 799 1292 ‚vel
857 1194 1080 1262 famem
1139 1208 1204 1261 et
1257 1172 1842 1278 sitim3perferant‘2
1905 1192 2080 1281 Quid
2134 1211 2288 1262 vero
2311 1193 2346 1262 ‘3
2418 1193 2556 1281 Qui

694 1313 983 1400 ingenuis
1035 1311 1274 1394 ‘studiis
1334 1326 1529 1394 atque
1567 1311 1803 1378 artibus
1865 1311 2248 1378 delectantur
2269 1357 2295 1393 ‚
2337 1329 2558 1390 nonne

665 1432 980 1498 'videmus
1002 1471 1028 1512 ,
1069 1449 1183 1497 eos
1224 1448 1342 1500 nec
1383 1428 1761 1496 valetudinis
1806 1428 2065 1508 neerei,
2086 1427 2408 1506 familiaris
2443 1429 2556 1498 ha-

700 1549 850 1617 bere
885 1548 1186 1615 rationem
1207 1546 1242 1613 *ἓ
1279 1547 1616 1628 omniaque
1639 1545 1885 1630 perpeti
1901 1593 1924 1628 ,
1954 1547 2094 1630 ipsa
2112 1537 2480 1630 cognitione
2496 1561 2563 1614 et

597 1703 604 1714 ·
695 1667 960 1736 scientia
1011 1663 1279 1749 captos?
1324 1678 1389 1730 et
1428 1683 1573 1730 cum
1608 1663 1889 1730 maximis
1928 1663 2099 1740 curis
2132 1677 2198 1729 et
2238 1664 2565 1746 laboribus

693 1800 1101 1869 compensare
1144 1799 1323 1864 eam,
1354 1798 1544 1864 quam
1578 1797 1659 1846 ex
1693 1779 1991 1848 discendo
2010 1780 2261 1864 capiant
2280 1829 2307 1863 ‚
2331 1782 2568 1867 volup·

695 1916 886 1972 tatem
903 1901 990 1969 ‘2⁹’
1032 1900 1098 1945 <¹³
1139 1899 1533 1988 Quamquam
1557 1897 1913 1965 Academici
1946 1891 2039 1964 illi
2062 1913 2315 1976 yeteoes
2360 1900 2567 1968 etPe-

699 2020 1007 2103 tipatetici
1060 2037 1190 2086 non
1212 2065 1236 2099 ‚
1295 2032 1368 2083 ut
1420 2017 1598 2083 Plato
1620 2063 1646 2098 ,
1708 2015 1858 2084 haec
1919 2016 2127 2082 omnia
2182 2033 2261 2084 ex
2332 2019 2565 2084 namra

696 2137 927 2204 amoris
978 2134 1386 2220 repetierunt.
1472 2132 1549 2208 Id
1569 2179 1597 2213 ‚
1657 2133 1713 2199 si
1771 2131 1927 2214 quid
1998 2130 2215 2214 aliud,
2282 2131 2571 2202 Platoni.

701 2270 842 2317 cum
903 2263 1001 2316 est
1023 2297 1049 2330 ‚
1110 2265 1607 2333 expressumque
1686 2245 1751 2314 in
1802 2247 2158 2330 Phaedone.
2266 2247 2570 2318 Philoso·
2676 2301 2679 2306 -

697 2367 870 2453 phos
938 2365 1062 2433 illic
1108 2365 1194 2432 ait
1255 2384 1335 2432 eo
1423 2365 1568 2430 duci
1636 2365 2059 2449 cognoscendi
2140 2365 2410 2450 ardore,
2492 2381 2571 2438 ut

705 2500 995 2550 mortuos
1020 2502 1091 2549 se
1109 2501 1248 2549 esse
1267 2530 1292 2563 ,
1318 2502 1505 2566 quam
1528 2481 1744 2548 vivere
1778 2481 2019 2550 malint.
2080 2482 2247 2552 Nam
2285 2482 2455 2554 ferre
2496 2487 2571 2554 il-

697 2605 807 2674 los
849 2602 1156 2684 moleste,
1200 2621 1420 2668 verum
1460 2620 1530 2667 se
1554 2646 1578 2680 ‚
1619 2601 1804 2684 cujus
1834 2602 2089 2669 ardente
2127 2603 2390 2687 flagrant
2431 2618 2573 2670 stu-

704 2722 859 2804 dio,
902 2723 971 2787 in
1039 2720 1152 2787 hac
1198 2719 1451 2803 quidem
1511 2718 1643 2785 vita
1682 2720 1934 2801 assequi
1990 2737 2120 2788 non
2176 2739 2413 2805 posse,
2456 2722 2573 2788 im·

704 2840 959 2926 peditos
1030 2836 1270 2920 quippe
1333 2833 1620 2918 corporis
1683 2835 1997 2917 vinculis,
2062 2835 2129 2904 in
2183 2858 2366 2921 que,
2420 2854 2575 2910 tam-

713 2975 900 3040 quam
957 2954 1023 3018 in
1087 2969 1331 3017 carcere
1354 2997 1378 3030 ‚
1424 2951 1662 3036 degunt
1684 2973 1706 3018 ε
1751 2968 2149 3021 contemnere
2183 2955 2377 3037 igitur
2408 2965 2583 3022 mor-‘

706 3086 876 3149 tem,
932 3069 1060 3134 imo
1099 3086 1251 3134 vero
1289 3082 1556 3134 mortem
1614 3084 1951 3153 expetere,
2016 3090 2146 3153 quo
2203 3071 2572 3155 doctrinas,

710 3205 866 3271 quas
923 3184 1110 3251 unice
1158 3200 1360 3252 amant
1383 3233 1408 3266 ‚
1468 3200 1781 3271 tamquam
1836 3187 2082 3256 delicias
2134 3208 2279 3255 suas
2340 3205 2410 3257 et
2457 3209 2573 3258 vo-

707 3309 1022 3392 luptates,
1069 3303 1261 3370 libere
1311 3318 1609 3387 totasque
1644 3306 2113 3389 amplectantur.
2202 3305 2379 3371 Haec
2414 3324 2571 3373 vero

709 3425 899 3493 unius
954 3436 1054 3491 est
1101 3422 1327 3488 amoris
1395 3421 1496 3488 vis
1521 3468 1545 3502 ‚
1612 3422 1784 3503 quod
1850 3423 2161 3506 eleganter
2217 3441 2415 3511 supra
2446 3435 2582 3496 εκ·

705 3540 976 3612 moravit
1016 3539 1355 3608 PhaedruS.
1449 3540 1771 3623 Orpheum
1814 3541 2212 3626 reprehendit
2256 3546 2442 3626 quod
2485 3546 2579 3614 vi-

713 3679 835 3727 vus
906 3675 1166 3724 uxorem
1231 3675 1309 3724 ex
1380 3676 1529 3723 orco
1594 3660 1888 3725 reducere
1949 3661 2190 3728 studuit
2214 3708 2240 3744 ‚
2306 3680 2572 3733 mortem

713 3792 832 3861 pro
898 3792 967 3841 ea
1038 3773 1254 3841 subire
1328 3792 1460 3841 non
1532 3775 1871 3843 sustinuit:
1960 3779 2085 3845 hoc
2167 3779 2332 3848 enim
2397 3783 2573 3851 unice

743 3893 748 3898 ’
875 3985 884 3998 ⁸
2354 3901 2613 3996 amans

784 4003 866 4077 (t)
906 4003 994 4057 De
1031 4002 1151 4055 riu.
1189 4004 1260 4055 V.
1298 4006 1415 4058 180'
1458 4009 1467 4018 ‘
