2792 5167
1510 512 1811 574 ...4-

709 661 850 735 wrm
889 671 952 736 in
975 664 1320 757 'puerorum
1370 672 1589 738 animis
1642 673 1976 742 suscitaret
1996 721 2021 755 ,
2061 677 2367 746 coelestem
2406 685 2599 750 msi—

723 809 863 854 eaem
887 831 911 867 ,
996 789 1219 854 artium
1303 788 1651 873 principem
1676 837 1703 873 ,
1785 792 2101 875 cujusque
2172 793 2314 878 ipse
2378 800 2593 865 studio

725 906 1006 986 ductus,
1050 921 1122 972 ut
1167 907 1354 973 nobis
1418 907 1609 972 modo
1660 908 1863 990 patuit
1905 906 2012 989 (⁸2,
2052 929 2293 978 novum
2350 914 2593 983 dicendi

723 1023 1169 1107 scribendique
1222 1043 1415 1108 genus
1460 1024 1757 1091 induxit:
1800 1025 1895 1091 sic
1941 1025 2333 1094 dialecticam
2390 1047 2426 1095 a
2477 1030 2599 1097 So-

720 1153 903 1208 crate
961 1155 1271 1225 acceptam
1345 1160 1488 1209 eum
1551 1141 1614 1207 in
1677 1143 1931 1209 modum
1983 1162 2126 1209 cum
2180 1143 2543 1215 informavit
2564 1194 2594 1227 ,

713 1271 865 1324 rum
906 1258 984 1324 ad
1022 1257 1302 1325 veritatis
1342 1277 1614 1325 amorem
1664 1258 1728 1323 in
1775 1278 2107 1343 puerorum
2138 1262 2371 1333 ,animis
2423 1263 2597 1330 alen·

721 1376 882 1441 'dum
938 1375 1265 1457 adhibuit,
1308 1390 1383 1441 ut
1432 1394 1599 1442 nova
1654 1375 1968 1442 videretur
2003 1379 2227 1462 plane,
2288 1394 2459 1446 certe
2506 1381 2590 1446 ad

715 1494 936 1562 nullas
976 1511 1107 1561 non
1165 1493 1594 1578 provehendas
1637 1493 1947 1560 doctrinas
1971 1541 1996 1576 ‚
2038 1493 2233 1577 ipsam
2271 1495 2593 1563 illustran-

715 1611 870 1678 dum
919 1612 1342 1700 tuendumque
1394 1610 1898 1695 philosophiam,
1942 1628 2067 1676 una
2108 1625 2275 1678 esset
2312 1613 2594 1679 omnium

714 1728 1177 1793 <efficacis-sima.
1307 1727 1399 1792 Et
1461 1743 1612 1793 vero
1683 1729 1792 1792 hac
1845 1727 2006 1793 idem
2064 1727 2430 1812 disciplina,
2518 1745 2595 1796 ut

719 1843 987 1909 caeteris
1033 1841 1181 1907 item
1231 1837 1677 1926 gravioribus,
1736 1844 1849 1907 sed
1906 1844 2018 1910 hac
2078 1860 2287 1912 tamen
2330 1847 2597 1929 potissi·

715 1979 903 2028 mum
926 2007 951 2042 ‚
996 1959 1152 2025 illud
1191 1958 1582 2026 efficiendum
1624 1958 1869 2025 censuit
1918 1973 1984 2025 et
2027 1964 2348 2042 quomodo
2396 1962 2606 2032 effice·

721 2095 905 2147 retur
944 2077 1396 2147 demonstravit
1415 2125 1438 2159 ,
1505 2091 1578 2143 ut
1616 2075 1852 2143 animus
1907 2077 1985 2143 ab
2028 2077 2132 2144 his
2181 2079 2421 2145 umbris
2481 2078 2606 2148 fal-

727 2197 949 2282 sisque
986 2198 1119 2265 veri
1175 2193 1545 2281 speciebus,
1591 2195 1820 2279 quibus
1861 2195 2151 2262 delectari
2200 2198 2432 2281 vulgus
2478 2197 2606 2262 ho·

732 2301 970 2382 minum
1028 2314 1310 2381 videmus
1338 2363 1362 2396 ,
1424 2328 1845 2394 averteretur,
1908 2327 2214 2395 totusque
2264 2312 2342 2378 ad
2381 2311 2598 2397 ipsum

725 2449 944 2502 verum
983 2435 1537 2517 contemplandum
1580 2432 1897 2514 rebusque
1933 2429 2257 2496 bominum
2299 2430 2606 2498 adhiben—
2666 2433 2675 2442 '

725 2529 878 2619 dnm
899 2553 1387 2620 converteretur
1412 2597 1435 2631 ,
1482 2549 1867 2631 omninoque
1905 2566 1943 2613 e
1974 2548 2209 2613 mundo
2244 2547 2367 2613 hoc
2412 2564 2601 2631 spec·

728 2668 904 2735 'rabili
958 2668 1023 2736 in
1073 2687 1257 2750 eum,
1297 2667 1411 2749 qui
1447 2668 1585 2730 sola
1642 2678 1856 2730 mente
1909 2675 1971 2730 et
2012 2664 2398 2748 cogitatione
2453 2682 2603 2747 per-

725 2787 962 2871 cipitur
986 2835 1010 2870 ,
1056 2792 1251 2866 νοητὸν
1290 2783 1554 2850 vocabat
1576 2828 1600 2862 ‚
1646 2782 2043 2849 educeretur.

601 2881 608 2894 ’
727 2919 744 2929 ·
809 2904 907 2967 Ut
949 2905 1117 2966 hunc
1169 2902 1375 2966 omnis
1413 2898 1852 2986 philosophiae
1902 2899 2090 2965 finem
2126 2919 2601 2983 assequeremur

725 3015 1106 3101 aliquando,
1171 3014 1402 3080 versati
1451 3013 1561 3078 diu
1625 3014 1689 3080 in
1742 3015 2065 3097 principiis
2130 3035 2395 3094 sumus,
2459 3037 2596 3095 quo

723 3139 864 3205 νινε·
921 3152 1232 3213 amorem,
1311 3129 1765 3214 principiorum
1811 3130 2087 3197 omnium
2136 3129 2214 3194 ad
2269 3128 2596 3200 veritatem

719 3235 1127 3337 indagandam
1170 3239 1360 3332 longe
1421 3247 1716 3332 princeps
1775 3264 1838 3314 et
1892 3245 2418 3328 efficacissimum,
2478 3266 2595 3318 ex.

722 3373 1111 3456 ploraremus
1179 3365 1568 3451 diligentius.
1701 3362 2044 3431 Consecuti
2116 3376 2323 3430 autem
2384 3362 2533 3432 inde
2563 3414 2589 3448 ‚

725 3489 999 3574 opinor,
1041 3499 1107 3551 et
1154 3482 1277 3549 hoc
1322 3502 1589 3562 sumus,
1636 3496 1749 3561 ut,
1796 3498 1957 3561 quae
2003 3479 2189 3550 nobis
2229 3499 2397 3548 nunc
2439 3501 2597 3550 con·

724 3608 905 3673 tinuo
964 3602 1327 3689 exponenda
1377 3616 1530 3665 sunt
1582 3598 1719 3666 sive
1779 3597 1987 3665 officia
2034 3598 2172 3666 sive
2224 3599 2592 3667 adminicula

723 3723 860 3787 slve
905 3723 1155 3802 mulla,
1202 3736 1364 3802 quae
1397 3720 1613 3802 vulgo·
1636 3716 1763 3782 dici
1798 3719 2044 3797 solent,
2086 3716 2163 3784 ad
2198 3716 2383 3785 finem
2416 3717 2589 3784 illum

723 3837 1196 3924 attingendum,
1240 3839 1288 3904 i.
1335 3855 1395 3901 e.
1441 3835 1807 3918 disciplinae
1844 3837 2109 3919 majores
2154 3831 2592 3919 imprimisque

1662 4038 1668 4044 .
2440 3951 2586 4032 illa,

794 4090 875 4162 (ι)
915 4084 1046 4141 vol.
1085 4085 1163 4141 n.
1204 4085 1265 4139 P.
1305 4087 1350 4142 1.
1387 4107 1444 4155 p.
1482 4087 1603 4140 ιιο.
