2792 5167
1401 480 1745 540 „24-

651 640 1103 725 fulgurantem·
1169 640 1345 722 quod
1402 655 1477 706 ut
1533 641 1686 707 vidit
1744 624 1999 723 auriga,
2066 642 2260 727 ipsius
2290 639 2522 725 pulcri

651 758 1008 823 recordatur
1032 804 1057 837 ,
1121 756 1402 838 illudque
1466 756 1662 823 cernit
1720 774 1844 821 una
1902 774 2045 821 cum
2107 756 2521 839 temperant‘n

652 875 720 940 in
771 893 933 958 puro
975 890 1320 957 sanctoque
1367 876 1513 940 loco
1553 872 1933 957 repositum·
1998 890 2150 939 mox
2184 886 2386 938 autem
2428 871 2520 937 ad

653 993 792 1077 ejus
845 993 1204 1075 adspectum
1263 992 1556 1058 cohorret
1574 1038 1599 1072 ,
1654 989 2088 1072 reveritusque
2132 989 2354 1054 recidit
2398 1007 2513 1053 su·

659 1109 848 1194 pinus
872 1156 896 1190 ‚
969 1109 1282 1194 simulque
1339 1107 1589 1193 cogitur
1636 1108 1906 1174 habenas
1946 1121 2072 1172 tam
2109 1106 2511 1173 vehementer

659 1228 969 1292 retrahere
993 1273 1017 1308 ‚
1081 1241 1151 1292 ut
1221 1225 1406 1292 ambo
1461 1224 1609 1309 equi
1670 1225 1851 1292 coxis
1919 1222 2096 1290 humi
2156 1221 2464 1288 resideant
2488 1241 2514 1287 ε

658 1345 817 1410 alter
863 1342 1112 1425 quidem
1172 1357 1443 1426 sponte,
1509 1341 1656 1425 quia
1711 1339 1963 1407 minime
2021 1336 2203 1405 freno
2250 1340 2513 1404 relucta·

659 1473 806 1540 tur,
849 1478 1080 1542 procax
1113 1478 1266 1526 vero
1300 1458 1408 1527 ille
1445 1477 1743 1543 perquam
1779 1455 2041 1524 invitus.
2126 1455 2511 1523 Recedentes

656 1594 810 1642 vero
855 1577 1154 1660 longiuS‚
1210 1581 1365 1643 alter
1405 1595 1552 1660 prae
1583 1576 1823 1659 pudore
1862 1589 1924 1639 et
1965 1572 2337 1640 verecundia
2379 1590 2515 1636 om-

652 1709 798 1758 ne·
855 1691 1173 1773 animum,
1241 1692 1473 1779 sudore
1536 1691 1791 1776 irrigatz
1865 1692 2018 1756 alter
2079 1707 2228 1755 vero
2289 1690 2512 1755 dolore

650 1806 954 1879 liberatus
979 1855 1004 1889 ,
1073 1827 1260 1891 quem
1302 1826 1415 1892 per
1453 1805 1699 1875 frenum
1741 1823 1805 1874 et
1838 1826 2047 1876 casum
2086 1821 2507 1883 contraxerat,

656 1943 837 2008 aegre
875 1925 1187 2007 respirans
1214 1973 1238 2005 ‚
1284 1925 1375 1992 ira
1418 1923 1660 2006 fertur,
1713 1941 1777 1990 et
1820 1924 2113 1992 conviciis
2159 1940 2303 1988 cum
2343 1921 2513 1987 auri.

658 2060 795 2127 gam
857 2056 990 2107 tum
1035 2041 1393 2127 adjunctum
1434 2060 1670 2125 equum
1724 2041 1928 2126 petit,
1974 2039 2149 2123 quasi
2183 2039 2297 2122 qui
2340 2038 2519 2123 igna-

664 2155 766 2223 via
805 2153 1226 2238 socordiaque
1282 2155 1537 2222 ordines
1584 2157 2006 2224 deseruissent
2058 2156 2514 2239 solvissentque

663 2288 950 2354 pactumz
1028 2286 1160 2337 tum
1202 2290 1420 2339 rursus
1461 2290 1572 2337 eos
1614 2274 1899 2337 nolentes
1946 2272 2312 2353 invitosque
2349 2289 2515 2336 acce-

667 2387 814 2454 dere
865 2406 1143 2471 cogens‚
1187 2408 1365 2474 aegre
1410 2388 1723 2454 concessit
1774 2389 1893 2455 illis
1916 2435 1940 2469 ,
1985 2388 2223 2454 differri
2266 2392 2329 2454 in
2378 2407 2520 2473 pos·

665 2520 868 2571 terum
924 2505 1352 2571 exorantibus.
1440 2507 1792 2571 Accedente
1836 2518 2039 2570 autem
2086 2521 2325 2573 statuto
2371 2520 2523 2570 tem·

667 2639 867 2705 pore,
911 2623 1096 2707 cujus
1143 2641 1280 2687 esse
1333 2621 1719 2689 immemores
1761 2622 1852 2687 illi
1894 2623 2144 2704 quidem
2190 2622 2519 2703 simulant,

669 2739 774 2803 hic
834 2756 987 2804 vero
1044 2738 1186 2804 illos
1242 2736 1775 2819 commonefacit,
1842 2759 2119 2825 urgens,
2185 2739 2519 2819 hinnienS,

673 2855 919 2920 trahens
983 2856 1303 2951 compeljit
1373 2855 1593 2921 iterum
1628 2855 1880 2923 ·iisdem
1956 2857 2166 2922 verbis
2227 2856 2520 2923 amasium

667 2970 862 3036 adire.
951 2971 1293 3053 Postquam
1332 2992 1483 3036 vero
1522 2992 1722 3056 prope
1748 2992 2177 3054 accesserunt,
2219 2973 2523 3056 inflexus,

672 3091 928 3154 extensa
989 3088 1235 3168 cauda,
1279 3088 1523 3154 frenum
1579 3091 1821 3155 mordet
1867 3090 2526 3174 impudentissimeque

677 3203 862 3286 rapit.
971 3206 1095 3272 Sed
1173 3206 1431 3288 auriga,
1517 3208 1714 3272 multo
1791 3206 1985 3289 magis
2050 3209 2304 3290 eadem,
2374 3226 2531 3290 quae

675 3337 896 3402 antea,
958 3340 1222 3406 passus,
1273 3321 1453 3387 velut
1502 3322 1709 3389 statim
1751 3342 1785 3393 a
1825 3324 2178 3390 carceribus
2216 3339 2388 3391 retro
2439 3344 2533 3389 re-

677 3439 936 3520 lapsus,
996 3439 1250 3504 habenis
1305 3443 1492 3522 longe
1539 3440 1968 3506 vehementius
2024 3443 2346 3524 retractis,
2387 3444 2534 3508 den·

677 3555 852 3620 tibus
911 3573 1337 3623 contumacem
1405 3575 1635 3638 equum
1692 3557 2019 3640 reprimit,
2089 3574 2279 3641 atque
2335 3559 2539 3642 impu·

679 3689 803 3734 ram
848 3671 1120 3755 linguam
1168 3675 1570 3755 maxillasque
1607 3690 1980 3753 cruentans,
2022 3692 2205 3740 crura
2245 3690 2307 3741 et
2347 3694 2531 3741 coxas

678 3786 852 3851 humi
927 3786 1144 3871 defigit
1229 3791 1579 3872 poenisque
1654 3796 1924 3857 coercet.
2037 3789 2231 3876 Quod
2292 3808 2539 3875 postea-

679 3922 859 3982 quam
925 3922 1105 3986 saepe
1155 3908 1279 3987 jam
1340 3927 1570 3990 pravus
1611 3926 1812 3989 equus
1863 3907 1967 3974 ille
2007 3926 2342 3994 perpessus
2398 3922 2537 3988 est,

673 4018 960 4099 lascivire
1012 4020 1306 4105 desistit,
1366 4021 1951 4107 mansuefactusque
2006 4026 2244 4092 tandem
2292 4025 2539 4108 aurigae

891 4194 920 4213 c
2387 4139 2539 4215 obe-
