2792 5167
951 471 1311 551 ...35-

180 651 758 737 reprimendamque
827 647 1238 730 arrogantiam
1263 696 1289 730 ‚
1379 651 1492 717 sed
1550 649 1731 717 etiam
1758 698 1784 732 ‚
1868 637 2043 734 quod

173 769 473 853 deinceps
526 768 840 852 spectabat
882 764 1237 832 dialecticae
1296 784 1520 850 parens
1545 814 1569 847 ‚
1611 768 1687 832 ad
1740 780 1907 834 recte
1957 770 2040 833 de

176 885 371 951 rebus
407 882 801 969 judicandum
837 882 1322 949 accommodata.
1388 884 1744 950 pertinebat
1786 902 1861 950 eo
1895 904 2042 967 por·

176 1018 295 1080 ro,
341 1013 411 1065 ut
446 1015 542 1066 res
566 1045 590 1079 ‚
634 998 713 1065 de
763 1017 888 1081 qua
938 1013 1269 1083 ageretur,
1320 998 1690 1066 definiretur
1733 1014 1920 1082 apte,
1961 1017 2046 1067 ne

176 1130 401 1183 temere
450 1129 780 1199 vagaretur
837 1114 1201 1197 disputatio.
1293 1114 1586 1182 Socrates
1606 1163 1631 1197 ,
1676 1116 1765 1181 ait
1820 1116 2045 1183 Xeno-

164 1232 342 1318 phon
364 1280 391 1315 ,
437 1230 746 1318 putabat,
791 1252 899 1297 eos
927 1279 951 1314 ,
995 1233 1102 1314 qui
1157 1232 1389 1298 scirent
1416 1280 1440 1314 ‚
1482 1231 1641 1316 qnid
1684 1247 1899 1299 essent
1936 1251 2040 1299 res

164 1349 454 1435 singulae
471 1396 495 1430 ‚
540 1367 736 1433 posse
777 1348 915 1414 aliis
961 1350 1147 1414 etiam
1188 1356 1318 1430 eas⁴
1338 1350 1684 1432 explicare:
1732 1350 1842 1430 qui
1882 1369 2039 1417 vero

161 1467 489 1533 nescirent
509 1512 535 1546 ‚
577 1484 691 1531 eos
731 1480 798 1528 et
855 1462 991 1528 falli
1045 1476 1110 1529 et
1165 1463 1324 1529 alios
1385 1482 1643 1546 quoque
1695 1459 1910 1532 fallere
1952 1466 2043 1539 (⁰.

162 1583 356 1670 Quae
410 1579 747 1648 definiendi
797 1579 954 1645 ratio
1016 1597 1150 1645 non
1205 1580 1485 1663 vulgaris
1547 1580 1652 1644 illa
1711 1595 1842 1644 erat
1860 1627 1886 1661 ‚
1929 1598 2053 1661 qua

160 1697 489 1767 vocabula
551 1697 741 1764 obvia
802 1695 943 1762 aliis
996 1694 1328 1762 vocabulis
1373 1693 1868 1761 declararentur:
1953 1716 2055 1761 res

160 1816 278 1882 ille
298 1863 323 1897 ‚
395 1831 534 1880 non
578 1832 768 1880 voces
833 1813 1175 1897 spectabat.
1307 1793 1526 1878 Veluti
1583 1829 1777 1894 quum
1838 1827 2050 1897 ageret

160 1951 311 1999 cum
367 1929 781 2015 Euthydemo
828 1932 909 1997 de
942 1928 1228 2015 justitia,
1271 1947 1404 1994 non
1451 1948 1672 1996 vocem
1723 1929 1882 1995 hanc
1908 1977 1935 2012 ,
1979 1944 2053 1996 ut

157 2046 399 2137 Logici
463 2047 595 2115 fere
636 2049 843 2114 solent
870 2094 895 2129 ,
937 2048 1130 2130 longo
1193 2046 1534 2113 verborum
1576 2045 1816 2111 ambitu
1862 2046 2058 2111 inter·

158 2166 402 2251 pretari
470 2165 852 2229 conabatur:
942 2163 1053 2229 sed
1115 2161 1404 2227 homines
1461 2163 1796 2243 quaerebat
1855 2163 2061 2229 conti-

165 2301 345 2365 nuo,
392 2281 515 2364 qui
572 2294 783 2347 essent
842 2280 1184 2364 sapientes·
1233 2307 1240 2318 ·
1292 2279 1733 2364 Sapientiam,
1800 2281 2057 2364 inquit,

171 2399 330 2484 quid
386 2416 535 2467 esse
594 2396 925 2464 dicamus?
968 2396 1092 2464 Dic
1138 2395 1341 2463 mihi:
1386 2413 1599 2463 utrum
1649 2397 1763 2464 tibi
1812 2397 2061 2481 sapien-

170 2530 270 2582 ιω
321 2516 394 2580 in
449 2515 534 2578 iis
559 2560 584 2594 ,
650 2530 811 2593 quae
858 2526 1095 2577 norunt
1113 2555 1140 2591 ‚
1227 2512 1538 2595 sapientes
1597 2532 1737 2581 esse
1801 2514 2057 2583 videan-

170 2646 329 2713 tur,
442 2647 525 2695 an
602 2626 799 2710 aliqui
879 2626 1006 2691 sint
1079 2627 1147 2693 in
1218 2628 1294 2693 iis
1357 2630 1670 2712 sapientes
1741 2651 1898 2715 quae
1947 2652 2058 2700 ne-

174 2747 450 2817 sciunt?
495 2780 591 2799 -
630 2743 949 2810 Nimirum
994 2744 1060 2809 in
1096 2744 1220 2809 illis
1263 2746 1582 2827 sapientes
1640 2723 1787 2811 sunt
1813 2794 1838 2828 ‚
1905 2769 2062 2831 quae

172 2864 445 2934 sciunt:
534 2879 674 2925 nam
740 2859 849 2939 qui
904 2858 1113 2942 possit
1178 2843 1409 2940 aliquis
1477 2878 1625 2928 esse·
1666 2864 1912 2947 sapiens
1985 2867 2054 2933 in

167 2982 300 3050 mis
322 3027 351 3063 ‚
400 2995 570 3061 quae
601 2972 856 3042 nescit?
893 3009 991 3028 --
1027 2974 1198 3042 Num
1224 2975 1416 3060 igitur
1454 2977 1805 3062 sapientes,
1849 2983 2058 3047 scien-

170 3101 264 3168 tia
323 3109 491 3164 sunt
556 3094 869 3177 sapientes
895 3090 933 3159 ‘1'
999 3125 1095 3144 —
1154 3092 1436 3181 Quanam
1500 3096 1617 3161 alia
1682 3115 1754 3162 re
1812 3096 2062 3179 sapiens

174 3217 408 3300 aliquis
482 3211 719 3292 fuerit,
785 3208 838 3275 si
892 3227 1023 3274 non
1094 3210 1416 3277 scientia?
1498 3250 1588 3264 -
1647 3208 1822 3276 Num
1907 3232 2057 3279 vero

175 3349 416 3419 putas,
463 3329 758 3412 quiddam
805 3327 973 3394 aliud
1037 3346 1178 3394 esse
1235 3327 1596 3408 sapientiam
1625 3375 1650 3409 ,
1698 3346 1885 3409 quam
1933 3349 2064 3409 quo

182 3449 486 3517 homines
520 3445 831 3529 sapientes
872 3458 1023 3510 sunt
1044 3443 1079 3509 *ἓ
1124 3480 1215 3497 -
1253 3444 1413 3509 Non
1453 3443 1773 3524 equidem.
1817 3478 1912 3495 —
1952 3443 2076 3508 Er-

185 3585 277 3653 go
330 3560 641 3645 sapientia
685 3577 782 3628 est
837 3559 1156 3628 scientia?
1215 3598 1304 3615 --
1365 3558 1538 3626 Mihi
1591 3560 1845 3643 quidem
1895 3557 2069 3625 vide-

186 3698 324 3749 tur.
368 3715 471 3733 -
508 3674 767 3760 Ergone
822 3678 936 3745 tibi
989 3675 1290 3758 videtur,
1331 3669 1679 3742 hominem'
1713 3692 1811 3739 res
1854 3693 2070 3745 omnes

191 3798 362 3866 scire
417 3791 677 3882 posse?
712 3833 801 3848 -·
841 3795 982 3861 Imo
1034 3811 1150 3862 nec
1203 3790 1657 3878 partem·adeo
1710 3809 1914 3862 rerum
1959 3796 2070 3862 ali·

1858 3909 2101 3998 quam-³

266 4051 366 4123 (ι)
405 4047 640 4108 nemer.
662 4033 778 4109 ἰν.
811 4051 863 4106 ε.
901 4053 957 4121 §-
994 4064 1045 4117 ι,
