2792 5167
1512 469 1861 546 ..m-.-

775 655 927 741 quid
964 656 1132 723 vitae
1172 656 1633 739 perniciosius,
1679 659 1831 740 quid
1890 659 2079 726 rebus
2138 658 2365 728 divinis
2423 657 2635 728 humaae

774 776 1004 856 nisque
1070 773 1388 859 indignius
1449 775 1716 857 potest?
1800 775 1920 842 His
1981 776 2170 860 igitur
2226 778 2639 858 hominibus,

769 892 922 958 haec
982 889 1173 956 nobis
1239 891 1501 973 placita,
1565 893 1713 958 haec
1772 892 1937 958 dicta
1992 894 2179 977 impia
2240 895 2306 960 in
2348 895 2495 978 ipso
2542 896 2640 960 iti·

770 1009 940 1076 neris
999 1008 1202 1074 nostri
1255 1007 1651 1091 ingressione
1702 1009 2208 1093 objectantibus,
2256 1011 2415 1094 quid
2459 1009 2648 1077 facie-

775 1123 970 1193 mus?
1012 1125 1261 1192 Scilicet
1283 1173 1307 1208 ,
1349 1128 1568 1192 nostra
1607 1142 1728 1191 nos
1769 1125 1875 1191 via
1899 1172 1923 1206 ,
1967 1139 2039 1190 ut
2078 1126 2445 1209 coepimus,
2492 1145 2650 1210 pro·

777 1244 1127 1329 grediemur
1166 1243 1444 1327 placide,
1507 1247 1626 1309 nee
1685 1242 1933 1309 illorum
1998 1243 2438 1328 impugnmtes
2494 1262 2647 1312 sen·-

772 1360 1066 1442 tentiam,
1107 1377 1223 1426 nec
1256 1377 1409 1427 vero
1448 1373 1919 1444 propugnantes
1954 1374 2233 1425 nostram
2260 1406 2284 1440 ‚
2309 1361 2422 1428 sed
2444 1379 2645 1446 quae-

776 1487 987 1544 rentes
1008 1524 1032 1559 ,
1087 1479 1486 1562 explorantes
1509 1525 1534 1559 ‚
1596 1478 1652 1543 si
1716 1476 1923 1560 forte,
2007 1492 2079 1544 ut
2141 1479 2424 1561 pulcrum
2486 1496 2650 1546 con·

775 1594 994 1679 spicati
1055 1614 1276 1660 sumus
1302 1642 1329 1675 ‚
1385 1593 1471 1662 ita
1524 1595 1749 1662 veritas
1809 1593 1996 1660 nobis
2049 1593 2277 1660 alicubi
2326 1610 2644 1679 appareat-

774 1699 952 1776 Num
1013 1710 1212 1792 iliud,
1277 1712 1452 1793 quod
1534 1711 1934 1793 quaerimus,
2009 1713 2133 1777 tale
2187 1713 2497 1795 reperturi
2561 1710 2650 1778 si-

772 1843 916 1894 mus
933 1869 959 1908 ‚
1018 1828 1204 1910 quale
1260 1828 1388 1914 jam
1445 1828 1905 1896 autumavimus
1971 1828 2431 1911 quodammodo
2458 1877 2485 1912 ‚
2553 1830 2652 1897 in-

772 1959 1013 2011 certum
1073 1958 1212 2029 est;
1279 1963 1395 2011 nec
1458 1963 1612 2011 vero
1671 1946 1737 2012 id
1793 1960 2189 2029 spectamust
2250 1963 2393 2012 nam
2442 1945 2525 2013 -si
2580 1946 2648 2012 in

771 2061 890 2126 alia
930 2077 1310 2143 quacunque
1348 2061 1637 2143 tandem,
1696 2063 1761 2127 in
1829 2064 1943 2128 hae
1999 2074 2170 2128 certe
2222 2061 2427 2145 ipsius
2486 2063 2651 2130 veri·-

771 2176 916 2243 tatis
972 2174 1459 2258 disquisitione,
1523 2193 1654 2243 non
1713 2179 1890 2260 quod
1947 2179 2360 2262 opinionibus
2398 2183 2647 2248 nostris

769 2305 1255 2360 consentaneum
1276 2338 1300 2376 ,
1365 2294 1480 2361 sed
1556 2295 1732 2376 quod
1786 2311 2005 2363 verum
2071 2311 2168 2363 est
2235 2299 2599 2380 quaerimus
2622 2344 2651 2381 ‚

769 2403 909 2477 sive
947 2411 1277 2478 conveniat
1329 2411 1450 2479 illis
1472 2457 1496 2495 ,
1542 2410 1679 2478 sive
1732 2425 2064 2497 repugnet.
2153 2413 2487 2509 Quidquid
2529 2416 2652 2502 igi·

775 2537 884 2593 tur
944 2527 1260 2594 clamitant
1319 2529 1474 2612 isti,
1538 2529 1697 2595 nihil
1757 2548 2072 2596 moramur
2125 2549 2293 2598 nunc
2357 2535 2647 2616 quidem.

772 2644 1027 2731 Quodsi
1087 2648 1447 2726 quaerendo
1504 2648 1809 2731 reperisse
1864 2648 2050 2714 nobis
2106 2648 2443 2731 iliquando
2487 2671 2664 2740 non--

774 2763 932 2830 nihil
989 2764 1116 2832 visi
1171 2763 1478 2832 fuerimus
1504 2810 1528 2845 ,
1603 2779 1735 2831 tum
1804 2764 2040 2830 scilicet
2094 2784 2225 2831 non
2282 2770 2643 2850 aspernabi-

771 2900 956 2964 mur,
1018 2881 1131 2947 sed
1175 2879 1514 2944 redibimus
1574 2880 1653 2944 ad
1712 2880 1856 2946 illos
1924 2880 2195 2960 hilares,
2241 2883 2353 2947 sed
2415 2901 2637 2950 eorum

773 2998 1029 3064 inventa
1091 2993 1451 3078 diligentius
1518 2995 2052 3063 considerabimus
2078 3044 2103 3080 ‚
2177 2998 2428 3078 illisque
2487 3001 2643 3065 haec

765 3117 987 3177 nostra
1041 3111 1585 3193 comparabimus3
1653 3110 1710 3177 si
1772 3114 2177 3198 praestabunt
2220 3113 2360 3196 iila,
2424 3115 2641 3183 lauda·

765 3227 1021 3309 bimus,
1065 3226 1479 3310 accipiemus:
1525 3245 1665 3295 nam
1701 3231 2010 3298 neminem
2057 3231 2339 3312 odimus,
2381 3232 2641 3302 minime

768 3346 1049 3415 omnium
1108 3345 1253 3411 illos
1311 3345 1591 3428 scilicet,
1647 3347 1757 3429 qui
1824 3348 2156 3433 sapientiae
2204 3360 2355 3413 sunt
2400 3361 2467 3415 et
2509 3349 2643 3418 vin·

765 3462 934 3532 tutis
993 3464 1333 3544 doctores3
1394 3463 1495 3529 sin
1534 3479 1689 3530 vero
1733 3482 1865 3530 non
1921 3463 2305 3534 videbuntur
2359 3483 2641 3551 praesta·-

775 3599 892 3662 τε,
961 3578 1053 3646 ini
1112 3579 1266 3661 quid
1316 3575 1547 3646 faciant
1575 3626 1599 3661 ,
1658 3580 1783 3663 ipsi
1844 3582 2192 3650 videbunt:
2238 3602 2363 3650 nos
2406 3584 2638 3669 speeid

767 3697 1093 3764 veritatem
1118 3745 1143 3778 ‚
1193 3694 1484 3781 opinioni
1534 3696 1958 3782 praeferemus
2022 3699 2372 3770 scientiam.
2460 3689 2638 3769 ‘Cae-

771 3826 977 3880 terum
1033 3812 1354 3882 scientiam
1416 3833 1584 3895 nos,
1639 3813 1695 3880 si
1754 3832 1886 3880 non
1925 3832 2384 3884 consecuturos
2409 3862 2432 3897 ‚
2468 3830 2639 3881 certe

743 3930 1129 4014 «cujusmodi
1173 3931 1260 3998 sit
1301 3946 1938 4015 assecuturosresse,p
2000 3934 2423 4011 confidimus,
2487 3950 2635 4017 spe·

774 4064 982 4139 tamus
1046 4048 1307 4113 saltem:
1378 4067 1564 4130 quam
1616 4047 1808 4118 nobis
1836 4065 2043 4134 ,spem
2108 4048 2219 4115 alit
2284 4044 2639 4120 considera·

2539 4176 2631 4229 ΠΟ
