2792 5167
1122 352 1466 418 ...39-

314 520 521 587 mihi:
597 532 661 584 et
714 538 809 584 me
872 532 1043 583 nunc
1116 516 1363 596 beatum
1427 512 1777 596 praedico,
1875 515 1976 578 cui
2029 514 2204 586 feriae

318 637 697 720 contingant
740 653 797 701 et
834 637 967 700 otia
1012 633 1408 716 gratissima,
1475 629 1715 713 quibus
1780 629 1918 694 huc
1979 651 2075 696 me
2119 651 2208 696 te·

326 753 561 836 cipiam
588 802 613 836 ,
668 753 733 818 in
773 754 943 820 hunc
1000 751 1137 834 agri
1178 749 1436 815 modum
1460 795 1487 831 ‚
1525 765 1659 814 non
1705 745 1796 813 ita
1865 765 2163 830 magnum
2188 795 2210 826 ‚

322 890 467 938 non
529 871 956 940 Tusculanum
1002 866 1261 950 aliquod
1315 880 1426 933 aut
1482 866 1888 951 Cumanum,
1949 863 2066 929 sed
2117 878 2208 944 ta·

324 1008 471 1056 men
520 993 777 1070 ὀλιγόν
836 1016 920 1057 τε
979 989 1211 1070 Φιλόν
1271 1013 1391 1061 τε,
1969 963 1989 981 ⁶

1222 1105 1470 1169 auctius
1510 1116 1699 1189 atque

429 1225 543 1295 Dt
574 1224 805 1290 melius
837 1221 1095 1306 fecere:
1139 1219 1281 1284 bene
1323 1233 1412 1282 est
1433 1240 1458 1281 .·
1497 1218 1593 1284 nil
1632 1217 1900 1305 amplius
1941 1236 2043 1284 oro
2149 1291 2158 1296 ,

298 1340 417 1411 ubi
489 1359 765 1409 naturae
826 1338 1004 1404 fruar
1049 1335 1405 1419 integritate
1461 1349 1522 1400 et
1580 1332 1931 1399 serenitate.
2032 1334 2190 1420 Quis

306 1460 487 1524 enim
529 1459 848 1537 antiquos
896 1453 1043 1518 illos
1080 1470 1224 1518 eum
1266 1451 1587 1532 voluptate
1637 1449 1802 1532 legat
1818 1495 1845 1531 ‚
1893 1448 2002 1532 qui
2045 1468 2196 1514 sem·

312 1595 437 1658 per
480 1571 859 1640 continetur
898 1567 1072 1650 urbis
1110 1582 1174 1633 et
1206 1566 1498 1647 auditorii
1537 1562 1872 1632 claustris?
1916 1562 2078 1650 Quis
2115 1563 2203 1648 in-

302 1711 417 1760 tus
464 1689 687 1758 animo
730 1703 990 1768 naturae
1050 1682 1358 1770 percipiat
1411 1682 1919 1766 descriptiones,
1988 1682 2198 1764 quales

293 1811 475 1898 apud
518 1806 867 1877 Horatium
891 1852 919 1886 ‚
958 1802 1295 1885 Virgilium
1321 1848 1347 1881 ‚
1386 1802 1555 1885 apud
1593 1799 1960 1865 Homerum·
1979 1815 2199 1866 occur·

300 1944 465 1997 tunt
490 1974 522 2010 ‚
560 1923 697 1990 nisi
739 1923 1001 2006 prodeat
1048 1916 1316 1998 subinde
1372 1929 1436 1980 et
1485 1928 1765 1982 excurrat
1812 1915 1880 1979 in
1938 1915 2199 1982 mediam

310 2063 532 2116 rerum
576 2037 911 2110 naturam?
955 2032 1236 2104 Orientis
1273 2030 1434 2100 solis
1465 2028 1950 2112 descriptionem
1967 2029 2200 2106 Home-

300 2165 497 2234 ricam
574 2157 725 2242 quis
794 2167 1010 2240 potest
1075 2149 1471 2234 intelligere,
1561 2145 1677 2229 qui
1738 2144 1902 2210 intra
1963 2145 2206 2212 moenia

302 2293 636 2364 perpetuo
691 2290 757 2341 et
791 2271 1059 2356 parietes
1107 2267 1332 2348 latuit,
1392 2280 1458 2332 et
1503 2283 1727 2350 expers
1768 2279 1869 2330 est
1923 2262 2202 2354 magnifr-

301 2391 673 2465 centissimi
725 2386 1115 2475 spectaculi?

382 2520 543 2590 Ἠὼς
596 2514 651 2582 δ’
693 2514 765 2580 31
803 2509 1035 2593 λεχέων
1072 2510 1219 2590 παρ’
1256 2509 1499 2583 ἀγαυοῦ
1541 2504 1810 2572 Τιθωνοῖο

376 2633 650 2712 'stml'
670 2677 690 2703 ,
731 2627 801 2698 ἵν’
841 2626 1186 2696 ἀθανάτοισι
1225 2623 1389 2704 Φᾶως
1431 2615 1595 2701 Φέροι
1623 2622 1729 2698 ἥδε
1763 2620 2096 2708 βροτοῖο-ω’,
2149 2677 2166 2690 ,

311 2762 381 2812 et
430 2745 562 2811 alia
632 2738 861 2806 similia
918 2735 1081 2801 'mter
1138 2733 1574 2798 ambulandum
1641 2730 1942 2796 recitabat
1962 2776 1990 2809 ‚
2047 2748 2204 2802 voce
2312 2771 2320 2776 -

314 2860 597 2946 quidem
622 2872 761 2921 non
796 2855 1026 2918 canora
1050 2896 1077 2931 ‚
1120 2849 1233 2914 sed
1250 2847 1363 2912 illo
1411 2860 1473 2910 et
1515 2862 1710 2911 sensu
1747 2843 2100 2926 etaffeetu‚
2142 2861 2211 2912 ut

304 2978 582 3066 penitus
656 2984 942 3038 moveret
995 2963 1317 3032 audientes
1373 2977 1563 3045 atque
1612 2962 1680 3029 in
1736 2961 2200 3040 admirationem

303 3110 561 3183 raperet
611 3086 879 3157 Homeri
901 3133 927 3168 ‚
979 3080 1284 3164 Horatii,
1344 3080 1769 3163 antiquorum,
1854 3080 1962 3150 Sic
2007 3082 2202 3156 rusti-

298 3216 574 3286 cabetul·
643 3205 1006 3274 nobiscum.
1136 3200 1305 3270 Nam
1370 3199 1672 3285 prodesse
1732 3198 2064 3283 discipulis
2131 3199 2201 3262 in

310 3333 553 3403 scholis
598 3344 739 3396 non
782 3337 1027 3390 tantum
1065 3318 1397 3399 studebat,
1427 3319 1538 3385 sed
1576 3317 1645 3384 in
1675 3313 1968 3408 familiari
2012 3314 2200 3384 etiam

320 3450 485 3517 vitae
532 3441 998 3514 consuetudine
1020 3487 1045 3520 ‚
1122 3451 1197 3503 ut
1251 3435 1473 3517 quavis
1531 3430 2020 3519 opportunitate
2073 3427 2202 3494 ani-

324 3585 473 3636 mos
529 3581 744 3630 eorum
816 3557 1121 3625 imbueret
1181 3553 1473 3621 sensibus
1535 3549 1928 3626 sublimibus
1949 3565 1971 3610 ε
2035 3548 2204 3625 quod

322 3686 413 3753 iis
477 3683 863 3749 vehementer
917 3673 1224 3760 placebat.
1326 3670 1550 3750 Itaque
1622 3679 1838 3741 erant,
1894 3672 2201 3743 postrema

318 3800 591 3888 quidem
634 3794 756 3861 viri
811 3809 1040 3875 aetate,
1098 3785 1225 3871 'qui
1268 3787 1339 3850 in
1375 3787 1510 3868 q‘us
1569 3781 1799 3850 vicinia
1840 3778 1973 3847 sive
2020 3782 2200 3857 villu-

322 3926 451 3990 lam
513 3935 629 3986 seu
671 3912 847 3988 aliud
895 3908 1222 3993 quodlibet
1283 3904 1746 3987 receptaculum
1795 3915 2202 3984 quaererent,

1201 4023 1259 4088 C
1305 4043 1346 4106 4
2097 4013 2218 4078 nbi.
