2792 5167
1402 504 1819 570 ...140-

1305 958 1427 1024 De
1496 958 1911 1038 artibus,

789 1121 1009 1188 quae
1069 1100 1184 1167 ad
1227 1104 1544 1189 pulcri
1604 1103 1937 1170 ducunt
2000 1122 2416 1186 amorem,

1046 1251 1133 1314 in
1195 1253 1523 1341 primis
1607 1250 1702 1324 de
1775 1255 2165 1349 musica·

715 1602 730 1609 “
756 1584 971 1658 Multa
1011 1589 1157 1656 tulit
1216 1605 1279 1655 et
1318 1610 1482 1658 nova
1530 1607 1593 1658 et
1626 1593 1933 1678 praeclara
1990 1580 2302 1658 saeculum
2371 1608 2557 1674 prae-

668 1709 920 1773 cedens.
1004 1706 1077 1774 In
1118 1707 1353 1788 quibus
1407 1710 1574 1774 haud
1620 1710 1901 1775 infimum
1951 1724 2121 1775 tenet
2180 1711 2392 1775 locum
2449 1729 2553 1772 ar·

667 1820 824 1886 tium
879 1821 1367 1905 elegantiorum,
1435 1825 1609 1904 quod
1651 1823 1920 1906 exstitit,
1976 1824 2282 1890 studium.
2373 1824 2549 1890 Nam

662 1952 809 2001 cnm
840 1934 1220 2004 adhaesisset
1253 1955 1431 2006 antea
1469 1939 1769 2006 doctrinis
1813 1939 1972 2007 ratio
2013 1941 2306 2024 quaedam
2353 1941 2552 2006 scho-

665 2054 917 2139 lastica,
957 2075 1117 2138 quae
1151 2072 1215 2122 et
1250 2055 1421 2141 ipsas
1453 2057 1816 2124 obscuraret
1849 2075 1911 2123 et
1946 2057 2143 2124 literis
2181 2056 2437 2124 obesset
2476 2076 2550 2122 ac

663 2171 1103 2256 philosophiae
1128 2219 1151 2253 ‚
1176 2174 1339 2261 pul
1350 2196 1384 2239 c
1405 2153 1455 2238 ν’
1463 2196 1506 2239 u
1522 2194 1583 2237 m
1625 2172 1864 2255 exquiri
1889 2192 2139 2240 summo
2168 2173 2381 2240 studio
2403 2192 2555 2239 coe-

660 2288 782 2373 pit.
863 2289 1015 2374 Quo
1066 2288 1339 2369 accidit,
1406 2303 1520 2369 ut,
1567 2287 1876 2369 quidquid
1928 2289 2322 2369 antiquarum
2370 2303 2549 2353 esset

659 2404 889 2472 artium
933 2421 1299 2489 superstes,
1359 2406 1762 2487 sculpturae,
1818 2404 2187 2486 statuariae,
2236 2404 2553 2471 architec-

662 2539 877 2599 turae,
945 2522 1282 2598 similium,
1349 2520 1509 2585 illud
1576 2535 1639 2585 et
1692 2523 2116 2603 exploraretur
2175 2520 2549 2605 diligentius

667 2648 733 2703 et
784 2656 927 2703 cum
979 2637 1183 2720 pulcri
1234 2635 1616 2718 venustique
1669 2655 1861 2703 sensu
1907 2635 2332 2721 judicaretur:
2403 2655 2546 2705 tum

662 2754 848 2823 etiam
906 2756 1150 2825 nullum
1215 2772 1347 2821 non
1403 2770 1600 2837 genus
1657 2753 2131 2839 disciplinarum
2193 2755 2548 2821 venustatis

661 2871 990 2954 quemdam
1046 2870 1392 2955 susciperet
1423 2870 1749 2979 colorem·
1793 2888 1959 2939 nova
2012 2869 2168 2936 adeo
2208 2870 2545 2937 exsisteret

660 2986 991 3069 doctrina,
1035 2990 1539 3057 acsthctica
1588 2956 1784 3068 vulgo
1830 2987 2020 3055 dicta.
2084 2988 2403 3075 Quocirca
2433 2962 2589 3053 rie-⁶

655 3121 762 3169 mo
791 3102 972 3169 facile
1007 3102 1326 3184 hodieque
1361 3102 1425 3165 in
1463 3102 1929 3184 philosophiam
1971 3102 2295 3170 incumbat
2330 3106 2547 3172 Plato-

656 3216 801 3299 nis»,
842 3218 997 3298 quin
1035 3220 1246 3282 locum
1307 3210 1476 3283 hunc
1527 3231 1795 3299 tractans
1820 3266 1843 3299 ,
1890 3218 2002 3301 qui
2041 3235 2140 3284 est
2189 3221 2269 3285 de
2311 3222 2542 3304 pulcro

659 3346 725 3399 et
765 3350 1021 3415 amore,
1080 3333 1432 3402 Platonicae
1478 3333 1855 3414 investiget,
1900 3334 1957 3400 si
2004 3355 2162 3416 quae
2198 3335 2336 3431 sit,
2399 3333 2541 3403 aes·-

656 3450 923 3523 rheticae
959 3448 1289 3534 principia.
1375 3450 1467 3518 Et
1513 3446 1837 3533 profecto,
1902 3468 2049 3516 cum
2101 3448 2329 3518 merito
2383 3448 2539 3547 haec

658 3568 942 3638 doctrina
981 3565 1186 3651 gravis
1236 3566 1535 3639 habeatur
1563 3566 2003 3649 philosophiae
2036 3586 2237 3652 pars»,
2282 3587 2361 3636 eo
2408 3591 2541 3639 ma·
2574 3562 2585 3603 ²

658 3686 755 3770 gis
775 3734 802 3770 ,
867 3685 1020 3768 quid
1070 3684 1148 3753 de
1201 3682 1441 3757 artibus
1497 3682 1940 3756 existimaverit
2009 3682 2190 3756 Plato
2212 3735 2238 3770 ,
2315 3690 2539 3807 exqui-

658 3804 918 3869 rendum
974 3803 1250 3874 videtur
2554 3796 2579 3805 ”

699 3921 868 3986 ·Sed
935 3920 1433 4005 ingredientibus
1487 3922 1612 3988 hoc
1679 3936 2151 4008 argumentum,
2221 3920 2288 3989 id
2343 3924 2528 3990 nobis

659 4034 964 4112 continuo
1003 4038 1229 4109 mirum
1266 4037 1592 4122 videatur,
1636 4039 1805 4110 haud
1844 4041 2155 4127 praeclare
2189 4032 2531 4107 existimas·

2460 4171 2530 4223 50
