<?xml version="1.0" encoding="UTF-8"?>
<!DOCTYPE html PUBLIC "-//W3C//DTD XHTML 1.0 Transitional//EN"
    "http://www.w3.org/TR/xhtml1/DTD/xhtml1-transitional.dtd">
<html xmlns="http://www.w3.org/1999/xhtml" xml:lang="en" lang="en">
 <head>
  <title>
</title>
<meta http-equiv="Content-Type" content="text/html;charset=utf-8" />
  <meta name='ocr-system' content='tesseract 3.04.00' />
  <meta name='ocr-capabilities' content='ocr_page ocr_carea ocr_par ocr_line ocrx_word'/>
</head>
<body>
  <div class='ocr_page' id='page_1' title='image "./initiaphilosoph05heusgoog_0258.png"; bbox 0 0 2792 5167; ppageno 0'>
   <div class='ocr_carea' id='block_1_1' title="bbox 994 447 1324 515">
    <p class='ocr_par' dir='ltr' id='par_1_1' title="bbox 994 447 1324 515">
     <span class='ocr_line' id='line_1_1' title="bbox 994 447 1324 515; baseline -0.003 -30"><span class='ocrx_word' id='word_1_1' title='bbox 994 447 1324 515; x_wconf 72' lang='lat'>...25-</span> 
     </span>
    </p>
   </div>
   <div class='ocr_carea' id='block_1_2' title="bbox 215 607 2121 3852">
    <p class='ocr_par' dir='ltr' id='par_1_2' title="bbox 215 607 2121 3852">
     <span class='ocr_line' id='line_1_2' title="bbox 218 607 2091 698; baseline 0.003 -20"><span class='ocrx_word' id='word_1_2' title='bbox 218 613 531 681; x_wconf 82' lang='lat' dir='ltr'>metricus</span> <span class='ocrx_word' id='word_1_3' title='bbox 583 617 748 682; x_wconf 86' lang='lat' dir='ltr'>etiam</span> <span class='ocrx_word' id='word_1_4' title='bbox 771 614 804 680; x_wconf 68' lang='lat'><em>2</em></span> <span class='ocrx_word' id='word_1_5' title='bbox 847 649 942 665; x_wconf 93' lang='lat'>—</span> <span class='ocrx_word' id='word_1_6' title='bbox 995 615 1084 681; x_wconf 87' lang='lat' dir='ltr'>Et</span> <span class='ocrx_word' id='word_1_7' title='bbox 1131 615 1397 681; x_wconf 82' lang='lat' dir='ltr'>maxime</span> <span class='ocrx_word' id='word_1_8' title='bbox 1438 613 1684 697; x_wconf 85' lang='lat' dir='ltr'>quidem</span> <span class='ocrx_word' id='word_1_9' title='bbox 1705 663 1728 698; x_wconf 95' lang='lat'>,</span> <span class='ocrx_word' id='word_1_10' title='bbox 1771 636 1812 681; x_wconf 92' lang='lat' dir='ltr'>o</span> <span class='ocrx_word' id='word_1_11' title='bbox 1850 607 2091 685; x_wconf 68' lang='lat' dir='ltr'>Socra-1</span> 
     </span>
     <span class='ocr_line' id='line_1_3' title="bbox 225 729 2087 815; baseline 0.004 -22"><span class='ocrx_word' id='word_1_12' title='bbox 225 742 360 794; x_wconf 85' lang='lat' dir='ltr'>tes.</span> <span class='ocrx_word' id='word_1_13' title='bbox 431 764 528 782; x_wconf 90' lang='lat'>—</span> <span class='ocrx_word' id='word_1_14' title='bbox 587 731 814 797; x_wconf 86' lang='lat' dir='ltr'><strong>Nonne</strong></span> <span class='ocrx_word' id='word_1_15' title='bbox 871 730 1021 796; x_wconf 89' lang='lat' dir='ltr'>item</span> <span class='ocrx_word' id='word_1_16' title='bbox 1088 729 1507 795; x_wconf 84' lang='lat' dir='ltr'>astronomiae</span> <span class='ocrx_word' id='word_1_17' title='bbox 1540 776 1565 811; x_wconf 93' lang='lat'><strong>‚</strong></span> <span class='ocrx_word' id='word_1_18' title='bbox 1622 730 2029 801; x_wconf 82' lang='lat' dir='ltr'>arithmeticae</span> <span class='ocrx_word' id='word_1_19' title='bbox 2052 745 2087 815; x_wconf 77' lang='lat'>‚·</span> 
     </span>
     <span class='ocr_line' id='line_1_4' title="bbox 229 845 2085 930; baseline 0.002 -18"><span class='ocrx_word' id='word_1_20' title='bbox 229 846 557 929; x_wconf 83' lang='lat' dir='ltr'>musicae,</span> <span class='ocrx_word' id='word_1_21' title='bbox 618 847 830 913; x_wconf 86' lang='lat' dir='ltr'>artium</span> <span class='ocrx_word' id='word_1_22' title='bbox 884 846 1143 913; x_wconf 86' lang='lat' dir='ltr'>omnino</span> <span class='ocrx_word' id='word_1_23' title='bbox 1199 845 1484 930; x_wconf 85' lang='lat' dir='ltr'>peritus,</span> <span class='ocrx_word' id='word_1_24' title='bbox 1548 865 1708 928; x_wconf 87' lang='lat' dir='ltr'>quae</span> <span class='ocrx_word' id='word_1_25' title='bbox 1743 847 2085 916; x_wconf 79' lang='lat' dir='ltr'>institutio-</span> 
     </span>
     <span class='ocr_line' id='line_1_5' title="bbox 226 961 2091 1048; baseline 0.003 -21"><span class='ocrx_word' id='word_1_26' title='bbox 226 963 336 1029; x_wconf 84' lang='lat' dir='ltr'>nis</span> <span class='ocrx_word' id='word_1_27' title='bbox 393 980 544 1030; x_wconf 86' lang='lat' dir='ltr'>sunt</span> <span class='ocrx_word' id='word_1_28' title='bbox 593 961 878 1048; x_wconf 76' lang='lat' dir='ltr'>propriae</span> <span class='ocrx_word' id='word_1_29' title='bbox 904 964 939 1031; x_wconf 75' lang='lat'>⁸?</span> <span class='ocrx_word' id='word_1_30' title='bbox 997 1003 1088 1018; x_wconf 92' lang='lat'>—</span> <span class='ocrx_word' id='word_1_31' title='bbox 1140 963 1415 1030; x_wconf 89' lang='lat' dir='ltr'>Videtur</span> <span class='ocrx_word' id='word_1_32' title='bbox 1473 963 1626 1029; x_wconf 86' lang='lat' dir='ltr'>mihi</span> <span class='ocrx_word' id='word_1_33' title='bbox 1681 963 1954 1047; x_wconf 85' lang='lat' dir='ltr'>quidem.</span> <span class='ocrx_word' id='word_1_34' title='bbox 1998 1001 2091 1020; x_wconf 88' lang='lat'><em>-</em></span> 
     </span>
     <span class='ocr_line' id='line_1_6' title="bbox 225 1078 2101 1166; baseline 0.001 -20"><span class='ocrx_word' id='word_1_35' title='bbox 225 1078 497 1166; x_wconf 79' lang='lat' dir='ltr'>Quando</span> <span class='ocrx_word' id='word_1_36' title='bbox 533 1081 720 1165; x_wconf 75' lang='lat' dir='ltr'>igitur</span> <span class='ocrx_word' id='word_1_37' title='bbox 757 1081 822 1147; x_wconf 88' lang='lat' dir='ltr'>in</span> <span class='ocrx_word' id='word_1_38' title='bbox 861 1082 1148 1165; x_wconf 87' lang='lat' dir='ltr'>corporis</span> <span class='ocrx_word' id='word_1_39' title='bbox 1191 1095 1371 1165; x_wconf 89' lang='lat' dir='ltr'>parte</span> <span class='ocrx_word' id='word_1_40' title='bbox 1429 1080 1638 1165; x_wconf 88' lang='lat' dir='ltr'>aliqua</span> <span class='ocrx_word' id='word_1_41' title='bbox 1696 1099 1819 1147; x_wconf 90' lang='lat' dir='ltr'>nos</span> <span class='ocrx_word' id='word_1_42' title='bbox 1865 1081 2101 1147; x_wconf 80' lang='lat' dir='ltr'>similes</span> 
     </span>
     <span class='ocr_line' id='line_1_7' title="bbox 218 1197 2103 1281; baseline -0.001 -16"><span class='ocrx_word' id='word_1_43' title='bbox 218 1197 368 1265; x_wconf 81' lang='lat' dir='ltr'>dicit</span> <span class='ocrx_word' id='word_1_44' title='bbox 407 1198 549 1264; x_wconf 85' lang='lat' dir='ltr'>sive</span> <span class='ocrx_word' id='word_1_45' title='bbox 600 1199 864 1266; x_wconf 81' lang='lat' dir='ltr'>laudans</span> <span class='ocrx_word' id='word_1_46' title='bbox 914 1197 1050 1262; x_wconf 86' lang='lat' dir='ltr'>sive</span> <span class='ocrx_word' id='word_1_47' title='bbox 1103 1197 1566 1279; x_wconf 74' lang='lat' dir='ltr'>reprehendens</span> <span class='ocrx_word' id='word_1_48' title='bbox 1590 1244 1614 1278; x_wconf 92' lang='lat'>,</span> <span class='ocrx_word' id='word_1_49' title='bbox 1658 1215 1792 1262; x_wconf 89' lang='lat' dir='ltr'>non</span> <span class='ocrx_word' id='word_1_50' title='bbox 1844 1215 2103 1281; x_wconf 86' lang='lat' dir='ltr'>magno-</span> 
     </span>
     <span class='ocr_line' id='line_1_8' title="bbox 215 1312 2105 1401; baseline 0 -19"><span class='ocrx_word' id='word_1_51' title='bbox 215 1334 374 1401; x_wconf 83' lang='lat' dir='ltr'>pere</span> <span class='ocrx_word' id='word_1_52' title='bbox 419 1315 484 1382; x_wconf 89' lang='lat' dir='ltr'>ei</span> <span class='ocrx_word' id='word_1_53' title='bbox 547 1316 710 1381; x_wconf 79' lang='lat' dir='ltr'>fides</span> <span class='ocrx_word' id='word_1_54' title='bbox 755 1313 1041 1378; x_wconf 84' lang='lat' dir='ltr'>habenda</span> <span class='ocrx_word' id='word_1_55' title='bbox 1081 1327 1228 1392; x_wconf 68' lang='lat' dir='ltr'>este,</span> <span class='ocrx_word' id='word_1_56' title='bbox 1276 1313 1505 1395; x_wconf 88' lang='lat' dir='ltr'>quodsi</span> <span class='ocrx_word' id='word_1_57' title='bbox 1553 1312 1867 1399; x_wconf 86' lang='lat' dir='ltr'>ingenium</span> <span class='ocrx_word' id='word_1_58' title='bbox 1915 1315 2105 1382; x_wconf 83' lang='lat' dir='ltr'>alter·</span> 
     </span>
     <span class='ocr_line' id='line_1_9' title="bbox 215 1428 2099 1513; baseline -0.001 -13"><span class='ocrx_word' id='word_1_59' title='bbox 215 1433 446 1500; x_wconf 83' lang='lat' dir='ltr'>utrius</span> <span class='ocrx_word' id='word_1_60' title='bbox 509 1451 548 1495; x_wconf 88' lang='lat' dir='ltr'>a</span> <span class='ocrx_word' id='word_1_61' title='bbox 609 1432 852 1498; x_wconf 79' lang='lat' dir='ltr'>virtute</span> <span class='ocrx_word' id='word_1_62' title='bbox 925 1445 988 1496; x_wconf 86' lang='lat' dir='ltr'>et</span> <span class='ocrx_word' id='word_1_63' title='bbox 1069 1428 1374 1513; x_wconf 84' lang='lat' dir='ltr'>sapientia</span> <span class='ocrx_word' id='word_1_64' title='bbox 1454 1429 1785 1496; x_wconf 80' lang='lat' dir='ltr'>laudaverit</span> <span class='ocrx_word' id='word_1_65' title='bbox 1804 1479 1830 1513; x_wconf 96' lang='lat'>,</span> <span class='ocrx_word' id='word_1_66' title='bbox 1886 1449 2099 1499; x_wconf 88' lang='lat' dir='ltr'>nonne</span> 
     </span>
     <span class='ocr_line' id='line_1_10' title="bbox 219 1547 2103 1632; baseline 0 -16"><span class='ocrx_word' id='word_1_67' title='bbox 219 1567 427 1630; x_wconf 87' lang='lat' dir='ltr'>eum,</span> <span class='ocrx_word' id='word_1_68' title='bbox 479 1548 592 1631; x_wconf 89' lang='lat' dir='ltr'>qui</span> <span class='ocrx_word' id='word_1_69' title='bbox 653 1548 774 1613; x_wconf 88' lang='lat' dir='ltr'>hoc</span> <span class='ocrx_word' id='word_1_70' title='bbox 837 1547 1111 1629; x_wconf 82' lang='lat' dir='ltr'>audivit,</span> <span class='ocrx_word' id='word_1_71' title='bbox 1163 1547 1477 1613; x_wconf 84' lang='lat' dir='ltr'>laudatum</span> <span class='ocrx_word' id='word_1_72' title='bbox 1542 1548 1720 1613; x_wconf 86' lang='lat' dir='ltr'>illurn</span> <span class='ocrx_word' id='word_1_73' title='bbox 1775 1550 2103 1632; x_wconf 83' lang='lat' dir='ltr'>explorare</span> 
     </span>
     <span class='ocr_line' id='line_1_11' title="bbox 221 1664 2095 1752; baseline -0.001 -19"><span class='ocrx_word' id='word_1_74' title='bbox 221 1679 492 1752; x_wconf 86' lang='lat' dir='ltr'>oportet</span> <span class='ocrx_word' id='word_1_75' title='bbox 514 1713 539 1748; x_wconf 93' lang='lat'><strong>‚</strong></span> <span class='ocrx_word' id='word_1_76' title='bbox 588 1666 850 1731; x_wconf 81' lang='lat' dir='ltr'>alterum</span> <span class='ocrx_word' id='word_1_77' title='bbox 903 1679 1106 1731; x_wconf 88' lang='lat' dir='ltr'>autem</span> <span class='ocrx_word' id='word_1_78' title='bbox 1147 1664 1394 1731; x_wconf 85' lang='lat' dir='ltr'>deceret</span> <span class='ocrx_word' id='word_1_79' title='bbox 1430 1665 1833 1748; x_wconf 87' lang='lat' dir='ltr'>semetipsum</span> <span class='ocrx_word' id='word_1_80' title='bbox 1876 1679 2095 1732; x_wconf 85' lang='lat' dir='ltr'>osten-</span> 
     </span>
     <span class='ocr_line' id='line_1_12' title="bbox 219 1779 2095 1867; baseline -0.003 -15"><span class='ocrx_word' id='word_1_81' title='bbox 219 1785 372 1852; x_wconf 80' lang='lat' dir='ltr'>dere</span> <span class='ocrx_word' id='word_1_82' title='bbox 427 1782 1022 1867; x_wconf 79' lang='lat' dir='ltr'>explorandumque</span> <span class='ocrx_word' id='word_1_83' title='bbox 1091 1780 1437 1864; x_wconf 71' lang='lat' dir='ltr'>praebere?</span> <span class='ocrx_word' id='word_1_84' title='bbox 1510 1816 1604 1835; x_wconf 89' lang='lat'>—</span> <span class='ocrx_word' id='word_1_85' title='bbox 1659 1779 1988 1863; x_wconf 83' lang='lat' dir='ltr'>Omnino,</span> <span class='ocrx_word' id='word_1_86' title='bbox 2054 1800 2095 1846; x_wconf 94' lang='lat' dir='ltr'>o</span> 
     </span>
     <span class='ocr_line' id='line_1_13' title="bbox 226 1898 2101 1983; baseline -0.001 -16"><span class='ocrx_word' id='word_1_87' title='bbox 226 1901 552 1968; x_wconf 86' lang='lat' dir='ltr'>Socrates.</span> <span class='ocrx_word' id='word_1_88' title='bbox 598 1939 687 1953; x_wconf 92' lang='lat'>—</span> <span class='ocrx_word' id='word_1_89' title='bbox 752 1899 966 1965; x_wconf 88' lang='lat' dir='ltr'>Tuum</span> <span class='ocrx_word' id='word_1_90' title='bbox 1004 1898 1200 1983; x_wconf 84' lang='lat' dir='ltr'>igitur</span> <span class='ocrx_word' id='word_1_91' title='bbox 1237 1912 1378 1980; x_wconf 89' lang='lat' dir='ltr'>est,</span> <span class='ocrx_word' id='word_1_92' title='bbox 1426 1899 1512 1964; x_wconf 89' lang='lat' dir='ltr'>mi</span> <span class='ocrx_word' id='word_1_93' title='bbox 1558 1898 1941 1982; x_wconf 85' lang='lat' dir='ltr'>Theaetete,</span> <span class='ocrx_word' id='word_1_94' title='bbox 1984 1900 2101 1965; x_wconf 88' lang='lat' dir='ltr'>mi-</span> 
     </span>
     <span class='ocr_line' id='line_1_14' title="bbox 225 2017 2090 2098; baseline -0.002 -13"><span class='ocrx_word' id='word_1_95' title='bbox 225 2019 290 2085; x_wconf 84' lang='lat' dir='ltr'>hi</span> <span class='ocrx_word' id='word_1_96' title='bbox 328 2033 526 2086; x_wconf 83' lang='lat' dir='ltr'>temet</span> <span class='ocrx_word' id='word_1_97' title='bbox 572 2017 938 2098; x_wconf 84' lang='lat' dir='ltr'>ostendere3</span> <span class='ocrx_word' id='word_1_98' title='bbox 1000 2034 1208 2083; x_wconf 87' lang='lat' dir='ltr'>meum</span> <span class='ocrx_word' id='word_1_99' title='bbox 1245 2030 1451 2083; x_wconf 88' lang='lat' dir='ltr'>autem</span> <span class='ocrx_word' id='word_1_100' title='bbox 1472 2063 1497 2098; x_wconf 93' lang='lat'><strong>‚</strong></span> <span class='ocrx_word' id='word_1_101' title='bbox 1562 2030 1626 2082; x_wconf 90' lang='lat' dir='ltr'>te</span> <span class='ocrx_word' id='word_1_102' title='bbox 1675 2017 2090 2084; x_wconf 80' lang='lat' dir='ltr'>considerare.</span> 
     </span>
     <span class='ocr_line' id='line_1_15' title="bbox 225 2132 2091 2216; baseline -0.001 -15"><span class='ocrx_word' id='word_1_103' title='bbox 225 2132 384 2203; x_wconf 80' lang='lat' dir='ltr'>Nam</span> <span class='ocrx_word' id='word_1_104' title='bbox 425 2135 639 2216; x_wconf 88' lang='lat' dir='ltr'>scit0,</span> <span class='ocrx_word' id='word_1_105' title='bbox 696 2154 837 2202; x_wconf 88' lang='lat' dir='ltr'>cum</span> <span class='ocrx_word' id='word_1_106' title='bbox 881 2134 1130 2201; x_wconf 84' lang='lat' dir='ltr'>‘multos</span> <span class='ocrx_word' id='word_1_107' title='bbox 1173 2153 1274 2202; x_wconf 88' lang='lat' dir='ltr'>me</span> <span class='ocrx_word' id='word_1_108' title='bbox 1336 2153 1545 2201; x_wconf 82' lang='lat' dir='ltr'>coram</span> <span class='ocrx_word' id='word_1_109' title='bbox 1605 2134 1985 2203; x_wconf 86' lang='lat' dir='ltr'>Theodorus</span> <span class='ocrx_word' id='word_1_110' title='bbox 2025 2149 2091 2202; x_wconf 84' lang='lat' dir='ltr'>et</span> 
     </span>
     <span class='ocr_line' id='line_1_16' title="bbox 225 2252 2098 2340; baseline -0.002 -19"><span class='ocrx_word' id='word_1_111' title='bbox 225 2253 520 2340; x_wconf 83' lang='lat' dir='ltr'>hospites</span> <span class='ocrx_word' id='word_1_112' title='bbox 557 2268 624 2320; x_wconf 88' lang='lat' dir='ltr'>et</span> <span class='ocrx_word' id='word_1_113' title='bbox 658 2253 828 2320; x_wconf 87' lang='lat' dir='ltr'>cives</span> <span class='ocrx_word' id='word_1_114' title='bbox 872 2254 1211 2319; x_wconf 78' lang='lat' dir='ltr'>laudaverit</span> <span class='ocrx_word' id='word_1_115' title='bbox 1236 2299 1260 2332; x_wconf 93' lang='lat'>,</span> <span class='ocrx_word' id='word_1_116' title='bbox 1301 2252 1617 2319; x_wconf 86' lang='lat' dir='ltr'>neminem</span> <span class='ocrx_word' id='word_1_117' title='bbox 1657 2271 1800 2318; x_wconf 88' lang='lat' dir='ltr'>eum</span> <span class='ocrx_word' id='word_1_118' title='bbox 1854 2265 2098 2318; x_wconf 86' lang='lat' dir='ltr'>tantum</span> 
     </span>
     <span class='ocr_line' id='line_1_17' title="bbox 225 2366 2109 2466; baseline -0.001 -30"><span class='ocrx_word' id='word_1_119' title='bbox 225 2370 524 2436; x_wconf 78' lang='lat' dir='ltr'>laudasse</span> <span class='ocrx_word' id='word_1_120' title='bbox 543 2416 567 2450; x_wconf 90' lang='lat'>,</span> <span class='ocrx_word' id='word_1_121' title='bbox 611 2384 910 2449; x_wconf 87' lang='lat' dir='ltr'>quantum</span> <span class='ocrx_word' id='word_1_122' title='bbox 970 2386 1142 2433; x_wconf 88' lang='lat' dir='ltr'>nunc</span> <span class='ocrx_word' id='word_1_123' title='bbox 1199 2366 1456 2466; x_wconf 82' lang='lat' dir='ltr'>quidem</span> <span class='ocrx_word' id='word_1_124' title='bbox 1497 2384 1585 2431; x_wconf 89' lang='lat' dir='ltr'>te.</span> <span class='ocrx_word' id='word_1_125' title='bbox 1642 2403 1735 2419; x_wconf 92' lang='lat'>—-</span> <span class='ocrx_word' id='word_1_126' title='bbox 1770 2369 1998 2435; x_wconf 90' lang='lat' dir='ltr'>Pulcre</span> <span class='ocrx_word' id='word_1_127' title='bbox 2036 2387 2109 2435; x_wconf 91' lang='lat' dir='ltr'>se</span> 
     </span>
     <span class='ocr_line' id='line_1_18' title="bbox 227 2482 2105 2566; baseline -0.002 -11"><span class='ocrx_word' id='word_1_128' title='bbox 227 2505 328 2555; x_wconf 85' lang='lat' dir='ltr'>res</span> <span class='ocrx_word' id='word_1_129' title='bbox 366 2486 676 2566; x_wconf 83' lang='lat' dir='ltr'>haberet,</span> <span class='ocrx_word' id='word_1_130' title='bbox 741 2504 780 2550; x_wconf 94' lang='lat' dir='ltr'>o</span> <span class='ocrx_word' id='word_1_131' title='bbox 819 2483 1108 2549; x_wconf 83' lang='lat' dir='ltr'>Socrates</span> <span class='ocrx_word' id='word_1_132' title='bbox 1129 2530 1153 2563; x_wconf 91' lang='lat'>,</span> <span class='ocrx_word' id='word_1_133' title='bbox 1221 2482 1309 2549; x_wconf 90' lang='lat' dir='ltr'>ita</span> <span class='ocrx_word' id='word_1_134' title='bbox 1372 2482 1430 2548; x_wconf 87' lang='lat' dir='ltr'>si</span> <span class='ocrx_word' id='word_1_135' title='bbox 1492 2497 1700 2565; x_wconf 87' lang='lat' dir='ltr'>esset;</span> <span class='ocrx_word' id='word_1_136' title='bbox 1755 2485 1867 2552; x_wconf 86' lang='lat' dir='ltr'>sed</span> <span class='ocrx_word' id='word_1_137' title='bbox 1908 2484 2057 2552; x_wconf 85' lang='lat' dir='ltr'>vide</span> <span class='ocrx_word' id='word_1_138' title='bbox 2080 2531 2105 2566; x_wconf 93' lang='lat'><strong>‚</strong></span> 
     </span>
     <span class='ocr_line' id='line_1_19' title="bbox 230 2598 2113 2686; baseline -0.003 -16"><span class='ocrx_word' id='word_1_139' title='bbox 230 2603 559 2684; x_wconf 85' lang='lat' dir='ltr'>numquid</span> <span class='ocrx_word' id='word_1_140' title='bbox 623 2619 736 2684; x_wconf 83' lang='lat' dir='ltr'>per</span> <span class='ocrx_word' id='word_1_141' title='bbox 792 2601 1004 2686; x_wconf 80' lang='lat' dir='ltr'>jocum</span> <span class='ocrx_word' id='word_1_142' title='bbox 1070 2599 1139 2661; x_wconf 87' lang='lat' dir='ltr'>id</span> <span class='ocrx_word' id='word_1_143' title='bbox 1193 2598 1445 2662; x_wconf 82' lang='lat' dir='ltr'>dixerit.</span> <span class='ocrx_word' id='word_1_144' title='bbox 1504 2632 1599 2648; x_wconf 93' lang='lat'>—</span> <span class='ocrx_word' id='word_1_145' title='bbox 1652 2599 1810 2662; x_wconf 91' lang='lat' dir='ltr'>Non</span> <span class='ocrx_word' id='word_1_146' title='bbox 1864 2600 1965 2663; x_wconf 91' lang='lat' dir='ltr'>hic</span> <span class='ocrx_word' id='word_1_147' title='bbox 2018 2619 2113 2665; x_wconf 87' lang='lat' dir='ltr'>sa·</span> 
     </span>
     <span class='ocr_line' id='line_1_20' title="bbox 234 2713 2114 2797; baseline -0.003 -12"><span class='ocrx_word' id='word_1_148' title='bbox 234 2738 322 2785; x_wconf 87' lang='lat' dir='ltr'>ne</span> <span class='ocrx_word' id='word_1_149' title='bbox 403 2733 558 2784; x_wconf 89' lang='lat' dir='ltr'>mos</span> <span class='ocrx_word' id='word_1_150' title='bbox 656 2729 756 2782; x_wconf 87' lang='lat' dir='ltr'>est</span> <span class='ocrx_word' id='word_1_151' title='bbox 845 2713 1220 2796; x_wconf 82' lang='lat' dir='ltr'>Theodori3</span> <span class='ocrx_word' id='word_1_152' title='bbox 1308 2713 1421 2779; x_wconf 85' lang='lat' dir='ltr'>sed</span> <span class='ocrx_word' id='word_1_153' title='bbox 1490 2730 1650 2795; x_wconf 85' lang='lat' dir='ltr'>quae</span> <span class='ocrx_word' id='word_1_154' title='bbox 1709 2713 2114 2797; x_wconf 86' lang='lat' dir='ltr'>concessisti,</span> 
     </span>
     <span class='ocr_line' id='line_1_21' title="bbox 233 2829 2112 2917; baseline -0.001 -16"><span class='ocrx_word' id='word_1_155' title='bbox 233 2849 308 2901; x_wconf 88' lang='lat' dir='ltr'>tu</span> <span class='ocrx_word' id='word_1_156' title='bbox 371 2852 498 2901; x_wconf 82' lang='lat' dir='ltr'>ne.</span> <span class='ocrx_word' id='word_1_157' title='bbox 526 2829 992 2916; x_wconf 84' lang='lat' dir='ltr'>subterfugias,</span> <span class='ocrx_word' id='word_1_158' title='bbox 1057 2846 1426 2913; x_wconf 81' lang='lat' dir='ltr'>praetexens</span> <span class='ocrx_word' id='word_1_159' title='bbox 1483 2849 1601 2915; x_wconf 87' lang='lat' dir='ltr'>per</span> <span class='ocrx_word' id='word_1_160' title='bbox 1647 2833 1866 2917; x_wconf 75' lang='lat' dir='ltr'>jocum</span> <span class='ocrx_word' id='word_1_161' title='bbox 1936 2833 2112 2902; x_wconf 88' lang='lat' dir='ltr'>illurn</span> 
     </span>
     <span class='ocr_line' id='line_1_22' title="bbox 233 2947 2109 3035; baseline 0 -17"><span class='ocrx_word' id='word_1_162' title='bbox 233 2951 355 3018; x_wconf 82' lang='lat' dir='ltr'>hoc</span> <span class='ocrx_word' id='word_1_163' title='bbox 417 2949 706 3031; x_wconf 83' lang='lat' dir='ltr'>dixisse,</span> <span class='ocrx_word' id='word_1_164' title='bbox 769 2966 851 3015; x_wconf 86' lang='lat' dir='ltr'>ne</span> <span class='ocrx_word' id='word_1_165' title='bbox 923 2947 1139 3014; x_wconf 88' lang='lat' dir='ltr'>testari</span> <span class='ocrx_word' id='word_1_166' title='bbox 1217 2962 1520 3034; x_wconf 84' lang='lat' dir='ltr'>cogatur:</span> <span class='ocrx_word' id='word_1_167' title='bbox 1598 2969 1739 3017; x_wconf 89' lang='lat' dir='ltr'>nam</span> <span class='ocrx_word' id='word_1_168' title='bbox 1824 2950 1936 3035; x_wconf 91' lang='lat' dir='ltr'>qui</span> <span class='ocrx_word' id='word_1_169' title='bbox 1993 2949 2109 3020; x_wconf 84' lang='lat' dir='ltr'>fal·</span> 
     </span>
     <span class='ocr_line' id='line_1_23' title="bbox 237 3065 2097 3155; baseline 0.003 -21"><span class='ocrx_word' id='word_1_170' title='bbox 237 3069 292 3134; x_wconf 85' lang='lat' dir='ltr'>si</span> <span class='ocrx_word' id='word_1_171' title='bbox 372 3087 524 3137; x_wconf 88' lang='lat' dir='ltr'>eum</span> <span class='ocrx_word' id='word_1_172' title='bbox 607 3066 948 3134; x_wconf 89' lang='lat' dir='ltr'>testimonii</span> <span class='ocrx_word' id='word_1_173' title='bbox 1024 3079 1270 3132; x_wconf 89' lang='lat' dir='ltr'>accuset</span> <span class='ocrx_word' id='word_1_174' title='bbox 1289 3113 1314 3148; x_wconf 93' lang='lat'><strong>‚</strong></span> <span class='ocrx_word' id='word_1_175' title='bbox 1379 3065 1496 3132; x_wconf 88' lang='lat' dir='ltr'>erit</span> <span class='ocrx_word' id='word_1_176' title='bbox 1558 3068 1813 3134; x_wconf 86' lang='lat' dir='ltr'>omnino</span> <span class='ocrx_word' id='word_1_177' title='bbox 1870 3089 2097 3155; x_wconf 88' lang='lat' dir='ltr'>nemo;</span> 
     </span>
     <span class='ocr_line' id='line_1_24' title="bbox 241 3183 2106 3272; baseline -0.001 -18"><span class='ocrx_word' id='word_1_178' title='bbox 241 3187 346 3253; x_wconf 74' lang='lat' dir='ltr'>sed</span> <span class='ocrx_word' id='word_1_179' title='bbox 396 3203 563 3270; x_wconf 78' lang='lat' dir='ltr'>age,</span> <span class='ocrx_word' id='word_1_180' title='bbox 629 3184 694 3252; x_wconf 89' lang='lat' dir='ltr'>in</span> <span class='ocrx_word' id='word_1_181' title='bbox 736 3183 1064 3252; x_wconf 87' lang='lat' dir='ltr'>concessis</span> <span class='ocrx_word' id='word_1_182' title='bbox 1107 3183 1396 3266; x_wconf 88' lang='lat' dir='ltr'>persiste.</span> <span class='ocrx_word' id='word_1_183' title='bbox 1453 3223 1541 3238; x_wconf 89' lang='lat'>-·</span> <span class='ocrx_word' id='word_1_184' title='bbox 1597 3186 1670 3251; x_wconf 90' lang='lat' dir='ltr'>Id</span> <span class='ocrx_word' id='word_1_185' title='bbox 1725 3205 1879 3253; x_wconf 87' lang='lat' dir='ltr'>vero</span> <span class='ocrx_word' id='word_1_186' title='bbox 1919 3206 2106 3272; x_wconf 86' lang='lat' dir='ltr'>agen·-</span> 
     </span>
     <span class='ocr_line' id='line_1_25' title="bbox 253 3294 2114 3386; baseline -0.002 -18"><span class='ocrx_word' id='word_1_187' title='bbox 253 3301 438 3384; x_wconf 79' lang='lat' dir='ltr'>dum,</span> <span class='ocrx_word' id='word_1_188' title='bbox 499 3302 556 3368; x_wconf 87' lang='lat' dir='ltr'>si</span> <span class='ocrx_word' id='word_1_189' title='bbox 608 3302 690 3369; x_wconf 84' lang='lat' dir='ltr'>ita</span> <span class='ocrx_word' id='word_1_190' title='bbox 747 3302 860 3369; x_wconf 89' lang='lat' dir='ltr'>tibi</span> <span class='ocrx_word' id='word_1_191' title='bbox 918 3300 1195 3372; x_wconf 75' lang='lat' dir='ltr'>videtur.</span> <span class='ocrx_word' id='word_1_192' title='bbox 1242 3294 1306 3341; x_wconf 65' lang='grc' dir='ltr'>ω</span> <span class='ocrx_word' id='word_1_193' title='bbox 1376 3300 1631 3386; x_wconf 89' lang='lat' dir='ltr'>Quibus</span> <span class='ocrx_word' id='word_1_194' title='bbox 1683 3301 1917 3383; x_wconf 84' lang='lat' dir='ltr'>dictis,</span> <span class='ocrx_word' id='word_1_195' title='bbox 1983 3320 2114 3383; x_wconf 90' lang='lat' dir='ltr'>quo</span> 
     </span>
     <span class='ocr_line' id='line_1_26' title="bbox 263 3417 2120 3501; baseline 0.001 -20"><span class='ocrx_word' id='word_1_196' title='bbox 263 3418 450 3501; x_wconf 83' lang='lat' dir='ltr'>magis</span> <span class='ocrx_word' id='word_1_197' title='bbox 515 3436 586 3484; x_wconf 80' lang='lat' dir='ltr'>se</span> <span class='ocrx_word' id='word_1_198' title='bbox 638 3421 834 3501; x_wconf 80' lang='lat' dir='ltr'>palam</span> <span class='ocrx_word' id='word_1_199' title='bbox 896 3417 1191 3485; x_wconf 83' lang='lat' dir='ltr'>ostendat</span> <span class='ocrx_word' id='word_1_200' title='bbox 1252 3417 1618 3483; x_wconf 83' lang='lat' dir='ltr'>adolescens</span> <span class='ocrx_word' id='word_1_201' title='bbox 1645 3464 1669 3498; x_wconf 90' lang='lat'>,</span> <span class='ocrx_word' id='word_1_202' title='bbox 1730 3430 1914 3501; x_wconf 87' lang='lat' dir='ltr'>rogat</span> <span class='ocrx_word' id='word_1_203' title='bbox 1977 3434 2120 3483; x_wconf 88' lang='lat' dir='ltr'>eum</span> 
     </span>
     <span class='ocr_line' id='line_1_27' title="bbox 277 3530 2120 3621; baseline 0.002 -24"><span class='ocrx_word' id='word_1_204' title='bbox 277 3530 606 3614; x_wconf 77' lang='lat' dir='ltr'>Socrates,</span> <span class='ocrx_word' id='word_1_205' title='bbox 644 3534 947 3617; x_wconf 86' lang='lat' dir='ltr'>numquid</span> <span class='ocrx_word' id='word_1_206' title='bbox 995 3537 1075 3602; x_wconf 90' lang='lat' dir='ltr'>de</span> <span class='ocrx_word' id='word_1_207' title='bbox 1121 3534 1504 3621; x_wconf 87' lang='lat' dir='ltr'>geometria,</span> <span class='ocrx_word' id='word_1_208' title='bbox 1567 3533 1646 3599; x_wconf 89' lang='lat' dir='ltr'>de</span> <span class='ocrx_word' id='word_1_209' title='bbox 1701 3533 2120 3618; x_wconf 87' lang='lat' dir='ltr'>astronomia,</span> 
     </span>
     <span class='ocr_line' id='line_1_28' title="bbox 261 3648 2120 3738; baseline 0.003 -22"><span class='ocrx_word' id='word_1_210' title='bbox 261 3648 346 3716; x_wconf 87' lang='lat' dir='ltr'>de</span> <span class='ocrx_word' id='word_1_211' title='bbox 387 3648 739 3729; x_wconf 78' lang='lat' dir='ltr'>harmonia,</span> <span class='ocrx_word' id='word_1_212' title='bbox 778 3652 853 3717; x_wconf 87' lang='lat' dir='ltr'>de</span> <span class='ocrx_word' id='word_1_213' title='bbox 888 3668 1020 3721; x_wconf 80' lang='lat' dir='ltr'>arte</span> <span class='ocrx_word' id='word_1_214' title='bbox 1068 3652 1513 3738; x_wconf 85' lang='lat' dir='ltr'>supputatoria</span> <span class='ocrx_word' id='word_1_215' title='bbox 1555 3671 1592 3717; x_wconf 92' lang='lat' dir='ltr'>a</span> <span class='ocrx_word' id='word_1_216' title='bbox 1642 3649 1984 3719; x_wconf 88' lang='lat' dir='ltr'>Theodoro</span> <span class='ocrx_word' id='word_1_217' title='bbox 2025 3654 2120 3721; x_wconf 87' lang='lat' dir='ltr'>di·</span> 
     </span>
     <span class='ocr_line' id='line_1_29' title="bbox 259 3753 2121 3852; baseline 0.003 -18"><span class='ocrx_word' id='word_1_218' title='bbox 259 3766 507 3836; x_wconf 87' lang='lat' dir='ltr'>dicerit.</span> <span class='ocrx_word' id='word_1_219' title='bbox 595 3765 706 3832; x_wconf 90' lang='lat' dir='ltr'>Ille</span> <span class='ocrx_word' id='word_1_220' title='bbox 765 3753 912 3835; x_wconf 84' lang='lat' dir='ltr'>vero</span> <span class='ocrx_word' id='word_1_221' title='bbox 969 3786 1092 3837; x_wconf 82' lang='lat' dir='ltr'>tam</span> <span class='ocrx_word' id='word_1_222' title='bbox 1149 3770 1341 3837; x_wconf 88' lang='lat' dir='ltr'>simul</span> <span class='ocrx_word' id='word_1_223' title='bbox 1403 3784 1468 3835; x_wconf 91' lang='lat' dir='ltr'>et</span> <span class='ocrx_word' id='word_1_224' title='bbox 1519 3767 1790 3852; x_wconf 89' lang='lat' dir='ltr'>ingenue</span> <span class='ocrx_word' id='word_1_225' title='bbox 1838 3783 1900 3836; x_wconf 91' lang='lat' dir='ltr'>et</span> <span class='ocrx_word' id='word_1_226' title='bbox 1946 3789 2121 3839; x_wconf 85' lang='lat' dir='ltr'>vere-</span> 
     </span>
    </p>
   </div>
   <div class='ocr_carea' id='block_1_3' title="bbox 261 3882 2123 3972">
    <p class='ocr_par' dir='ltr' id='par_1_3' title="bbox 261 3882 2123 3972">
     <span class='ocr_line' id='line_1_30' title="bbox 261 3882 2123 3972; baseline 0 -17"><span class='ocrx_word' id='word_1_227' title='bbox 261 3886 469 3955; x_wconf 79' lang='lat' dir='ltr'>cunde</span> <span class='ocrx_word' id='word_1_228' title='bbox 515 3882 884 3970; x_wconf 82' lang='lat' dir='ltr'>placideque</span> <span class='ocrx_word' id='word_1_229' title='bbox 943 3887 1280 3970; x_wconf 83' lang='lat' dir='ltr'>respondet</span> <span class='ocrx_word' id='word_1_230' title='bbox 1302 3934 1328 3970; x_wconf 92' lang='lat'>,</span> <span class='ocrx_word' id='word_1_231' title='bbox 1371 3900 1444 3953; x_wconf 91' lang='lat' dir='ltr'>ut</span> <span class='ocrx_word' id='word_1_232' title='bbox 1462 3933 1488 3970; x_wconf 90' lang='lat'>,</span> <span class='ocrx_word' id='word_1_233' title='bbox 1533 3904 1694 3972; x_wconf 88' lang='lat' dir='ltr'>quae</span> <span class='ocrx_word' id='word_1_234' title='bbox 1742 3886 1822 3955; x_wconf 89' lang='lat' dir='ltr'>de</span> <span class='ocrx_word' id='word_1_235' title='bbox 1863 3904 1943 3955; x_wconf 89' lang='lat' dir='ltr'>eo</span> <span class='ocrx_word' id='word_1_236' title='bbox 1978 3903 2123 3955; x_wconf 84' lang='lat' dir='ltr'>ante</span> 
     </span>
    </p>
   </div>
   <div class='ocr_carea' id='block_1_4' title="bbox 327 3998 2127 4166">
    <p class='ocr_par' dir='ltr' id='par_1_4' title="bbox 327 3998 2127 4166">
     <span class='ocr_line' id='line_1_31' title="bbox 327 3998 2127 4166; baseline -0.002 -25"><span class='ocrx_word' id='word_1_237' title='bbox 327 4087 400 4160; x_wconf 75' lang='lat'>(1)</span> <span class='ocrx_word' id='word_1_238' title='bbox 437 4086 667 4166; x_wconf 55' lang='lat' dir='ltr'>Tuast.</span> <span class='ocrx_word' id='word_1_239' title='bbox 710 4084 808 4142; x_wconf 78' lang='lat'>145</span> <span class='ocrx_word' id='word_1_240' title='bbox 841 4088 912 4142; x_wconf 71' lang='lat' dir='ltr'>A·</span> <span class='ocrx_word' id='word_1_241' title='bbox 950 4086 1013 4141; x_wconf 86' lang='lat' dir='ltr'>B.</span> <span class='ocrx_word' id='word_1_242' title='bbox 1052 4085 1118 4142; x_wconf 85' lang='lat' dir='ltr'>C.</span> <span class='ocrx_word' id='word_1_243' title='bbox 1984 3998 2127 4062; x_wconf 49' lang='lat' dir='ltr'><strong>fue·</strong></span> 
     </span>
    </p>
   </div>
  </div>
 </body>
</html>
