2792 5167
1500 472 1850 549 ...36-

741 644 824 714 tis
884 648 1137 714 ductum
1166 693 1187 727 ‚
1250 644 1534 714 crebrius
1585 643 1716 709 fere
1777 665 1846 711 ac
1893 645 2135 712 diutius
2193 646 2276 712 in.
2313 645 2569 714 museum

740 782 807 828 se
848 780 1030 827 suum
1091 775 1153 826 et
1198 761 1525 843 antiquum
1584 760 1798 826 orbem
1857 760 2163 842 recepisse
2188 807 2215 840 ‚
2259 778 2440 843 quam
2489 780 2575 828 ae·

736 894 986 961 ceptum
1028 891 1195 943 esset
1239 877 1574 958 omnibuS‚
1642 878 1752 960 qui
1793 878 1927 961 ejus
1971 875 2098 942 frui
2143 877 2576 945 consuetudine

721 1010 796 1065 ct
838 993 1231 1062 sermonibus
1291 1008 1616 1079 cuperent.
1707 992 1933 1060 Fateor
1989 994 2136 1059 item
2155 1037 2181 1075 ,
2230 991 2464 1062 factum
2492 995 2577 1062 sic

733 1111 972 1193 videri,
1016 1124 1089 1176 ut
1126 1110 1467 1177 hodiernos
1504 1125 1569 1176 et
1606 1127 1815 1178 mores
1856 1124 1921 1175 et
1980 1109 2268 1180 homines
2305 1128 2450 1178 cum
2482 1126 2581 1177 an-

724 1227 930 1310 tiquis
980 1226 1113 1294 fere
1155 1243 1530 1311 comparans
1555 1273 1582 1309 ‚
1645 1243 1825 1309 aegre
1859 1224 2008 1292 illos
2071 1223 2343 1294 subinde
2384 1226 2583 1293 tulerit

728 1359 793 1411 et
840 1345 1122 1412 severius
1166 1362 1638 1427 nonnumquam
1675 1342 2070 1430 judicaverit.
2165 1341 2383 1412 Homo
2425 1357 2581 1427 erat,

732 1481 920 1545 quem
965 1463 1230 1529 amicum
1295 1461 1611 1528 coluimus
1631 1509 1656 1543 ‚
1726 1460 2083 1542 creuere,
2145 1480 2275 1528 non
2324 1458 2587 1545 perfecta

728 1595 971 1647 natura.
1079 1579 1276 1666 Quod
1343 1593 1551 1645 autem
1610 1577 1908 1660 antiquos
1959 1579 2317 1663 loquuntur
2338 1622 2364 1660 ,
2431 1595 2585 1661 quos

731 1696 960 1761 imitari
1002 1695 1325 1761 debuisset
1382 1693 1956 1775 wyttenbachius,
2001 1693 2277 1761 imitatus
2334 1706 2433 1760 est
2480 1690 2590 1760 ei-

733 1828 1021 1877 ceronem
1091 1827 1276 1876 suum
1299 1854 1326 1891 ,
1390 1808 1504 1891 qui
1568 1811 1741 1877 nulla
1801 1824 1936 1876 non
1994 1810 2466 1894 opportunitate
2522 1808 2590 1874 in

730 1929 1059 1997 Graeciam
1130 1925 1493 1992 excurrebat
1551 1940 1616 1991 et
1679 1925 1893 1990 vivere
1946 1924 2070 1992 sibi
2135 1925 2395 1993 maxime
2459 1940 2594 1994 tum

730 2045 1058 2114 videbatur
1083 2092 1107 2128 ,
1173 2045 1426 2128 quando
1483 2043 1750 2111 maxime
1799 2063 1870 2110 se
1919 2044 2341 2112 transtulisset
2375 2044 2442 2110 in
2477 2044 2595 2115 So-

731 2166 921 2232 cratis
981 2179 1045 2229 et
1086 2160 1367 2230 Platonis
1411 2176 1728 2243 tempora.
1812 2161 1938 2226 Sed
1973 2160 2258 2241 quamvis
2305 2162 2600 2246 Wytten-

731 2281 995 2348 bachius
1055 2295 1187 2347 non
1232 2280 1289 2344 is
1345 2294 1513 2343 esset
1567 2277 1705 2343 sive
1760 2280 1983 2344 natura
2045 2276 2189 2345 sive
2231 2276 2398 2346 vitae
2446 2297 2599 2346 con-

733 2399 1064 2467 suetudine
1088 2446 1113 2479 ‚
1157 2413 1228 2463 ut
1268 2395 1496 2464 lubens
1543 2393 1610 2460 in
1650 2392 1906 2462 circulis
1952 2409 2018 2461 et
2061 2394 2376 2463 conviviis
2413 2396 2597 2464 horas

733 2535 879 2583 suas
934 2514 1300 2597 transigeret
1319 2559 1345 2595 ‚
1402 2514 1515 2579 sed
1554 2512 1763 2580 mallet
1807 2514 1912 2580 vel
1971 2512 2144 2579 domi
2187 2515 2288 2580 vel
2326 2512 2458 2582 ruri
2494 2516 2605 2581 de-

735 2645 987 2715 gustare
1033 2630 1277 2711 antiqui
1328 2630 1695 2695 suavitatem
1745 2627 1931 2712 aevi3
1987 2629 2155 2698 baud
2211 2645 2418 2696 tamen
2475 2630 2607 2698 sibi

708 2748 992 2816 ·vivebat
1044 2745 1193 2815 soli.
1283 2743 1592 2831 Hospioes
1613 2791 1639 2829 ,
1695 2746 2006 2814 confiteor
2023 2794 2049 2828 ‚
2090 2763 2223 2815 non
2278 2765 2498 2816 omnes
2543 2749 2607 2818 ei

739 2866 899 2951 grati
937 2878 1111 2934 erant
1168 2876 1232 2930 et
1276 2863 1557 2947 accepti:
1603 2881 1802 2931 vanos
1848 2863 2134 2932 homines
2190 2880 2253 2932 et
2297 2880 2607 2934 ventosus

740 2984 979 3074 quique
1016 2985 1129 3049 hac
1173 2983 1300 3049 una
1339 2983 1418 3047 de
1456 2999 1676 3049 caussa
1708 2982 1992 3050 venirent
2012 3029 2037 3064 ‚
2061 2998 2137 3050 ut
2175 2984 2299 3067 ipsi
2339 2984 2610 3052 demon-

710 3113 1041 3177 strarent,
1087 3095 1307 3177 quanti
1364 3095 1608 3198 scilicet
1660 3113 1870 3163 essent
1922 3098 2042 3164 viri
2065 3145 2090 3180 ‚
2159 3099 2278 3165 hos
2329 3099 2416 3168 ita
2471 3118 2614 3170 non

731 3228 979 3299 poterat
1014 3210 1182 3278 ferre
1205 3257 1232 3294 ,
1273 3227 1345 3279 ut
1379 3231 1492 3278 eos
1516 3258 1540 3293 ‚
1584 3213 1642 3278 si
1675 3212 1995 3296 licuisset,
2041 3212 2298 3282 aedibus
2332 3216 2472 3284 suis
2497 3237 2617 3286 ex-

730 3329 1025 3398 clusisset
1080 3330 1147 3406 in
1203 3342 1605 3414 perpetuum.
1707 3329 1837 3396 Sed
1881 3346 2205 3415 quotquot
2254 3350 2399 3398 cum
2435 3334 2622 3417 judi·

730 3449 835 3516 cio
885 3462 949 3514 et
996 3463 1200 3513 rerum
1256 3444 1515 3513 scientia
1564 3446 1930 3513 modestiam
1989 3445 2283 3515 afferrent
2352 3464 2418 3517 et
2487 3448 2623 3520 hu·

733 3567 1089 3634 manitatem
1116 3613 1141 3648 ,
1205 3565 1325 3631 hos
1384 3564 1526 3647 ipse
1595 3578 1662 3630 et
1720 3563 2183 3648 perhumaniter
2253 3565 2624 3652 excipiebat

737 3699 800 3751 et
840 3687 1053 3770 juvare
1090 3683 1263 3749 omni
1310 3679 1660 3749 officiorum
1705 3700 1927 3766 genere
1961 3682 2278 3752 studebat.
2333 3685 2621 3756 Amicos

734 3801 955 3867 habuit
998 3819 1275 3885 paucos:
1341 3799 1470 3867 nisi
1525 3800 1671 3883 quis
1720 3801 1841 3867 hoc
1883 3801 2138 3868 nomine
2176 3802 2343 3871 dicat
2394 3800 2628 3872 fauto-

732 3937 832 3982 res
860 3966 882 3997 ‚
906 3903 1325 3984 admiratores
1352 3965 1377 4000 ,
1419 3921 1693 3986 cultores
1712 3966 1736 4002 ,
1778 3921 1880 3985 vel
1941 3918 2123 3987 etiam
2184 3919 2421 4001 quibua
2467 3921 2628 4007 ipse

730 4036 889 4103 bene
945 4037 1131 4101 vellet
1172 4035 1233 4099 e't
1270 4037 1576 4119 prodesse
1619 4039 1935 4107 Studeret:
1984 4038 2102 4104 hos
2161 4036 2431 4126 habebat
2495 4057 2630 4122 per

2509 4169 2631 4220 to·
