<?xml version="1.0" encoding="UTF-8"?>
<!DOCTYPE html PUBLIC "-//W3C//DTD XHTML 1.0 Transitional//EN"
    "http://www.w3.org/TR/xhtml1/DTD/xhtml1-transitional.dtd">
<html xmlns="http://www.w3.org/1999/xhtml" xml:lang="en" lang="en">
 <head>
  <title>
</title>
<meta http-equiv="Content-Type" content="text/html;charset=utf-8" />
  <meta name='ocr-system' content='tesseract 3.04.00' />
  <meta name='ocr-capabilities' content='ocr_page ocr_carea ocr_par ocr_line ocrx_word'/>
</head>
<body>
  <div class='ocr_page' id='page_1' title='image "./initiaphilosoph05heusgoog_0750.png"; bbox 0 0 2792 5167; ppageno 0'>
   <div class='ocr_carea' id='block_1_1' title="bbox 216 650 2070 875">
    <p class='ocr_par' dir='ltr' id='par_1_1' title="bbox 216 650 2070 875">
     <span class='ocr_line' id='line_1_1' title="bbox 216 650 2063 763; baseline -0.024 -4"><span class='ocrx_word' id='word_1_1' title='bbox 216 705 292 758; x_wconf 88' lang='lat' dir='ltr'><strong>ut</strong></span> <span class='ocrx_word' id='word_1_2' title='bbox 337 685 625 757; x_wconf 81' lang='lat' dir='ltr'><strong>homines</strong></span> <span class='ocrx_word' id='word_1_3' title='bbox 672 695 786 763; x_wconf 86' lang='lat' dir='ltr'><strong>per</strong></span> <span class='ocrx_word' id='word_1_4' title='bbox 834 670 1268 748; x_wconf 79' lang='lat' dir='ltr'>Prometheum</span> <span class='ocrx_word' id='word_1_5' title='bbox 1329 675 1408 751; x_wconf 61' lang='grc' dir='ltr'><strong>τῇ</strong></span> <span class='ocrx_word' id='word_1_6' title='bbox 1445 662 1702 745; x_wconf 59' lang='lat' dir='ltr'><strong>trram</strong></span> <span class='ocrx_word' id='word_1_7' title='bbox 1740 657 1929 739; x_wconf 66' lang='grc' dir='ltr'><strong><em>σοφίᾳ</em></strong></span> <span class='ocrx_word' id='word_1_8' title='bbox 1987 650 2063 716; x_wconf 81' lang='lat' dir='ltr'><strong>ad</strong></span> 
     </span>
     <span class='ocr_line' id='line_1_2' title="bbox 218 767 2070 875; baseline -0.024 0"><span class='ocrx_word' id='word_1_9' title='bbox 218 822 385 875; x_wconf 80' lang='lat' dir='ltr'><strong>artes</strong></span> <span class='ocrx_word' id='word_1_10' title='bbox 442 787 1129 872; x_wconf 72' lang='lat' dir='ltr'><strong>tractandas-instructi</strong></span> <span class='ocrx_word' id='word_1_11' title='bbox 1184 782 1465 860; x_wconf 86' lang='lat' dir='ltr'><strong>fuerant,</strong></span> <span class='ocrx_word' id='word_1_12' title='bbox 1539 775 1813 849; x_wconf 63' lang='lat' dir='ltr'><strong>romunt,</strong></span> <span class='ocrx_word' id='word_1_13' title='bbox 1866 767 2070 842; x_wconf 77' lang='lat' dir='ltr'><strong>adhue</strong></span> 
     </span>
    </p>
   </div>
   <div class='ocr_carea' id='block_1_2' title="bbox 223 883 2089 2628">
    <p class='ocr_par' dir='ltr' id='par_1_2' title="bbox 223 883 2089 2628">
     <span class='ocr_line' id='line_1_3' title="bbox 223 883 2065 993; baseline -0.025 -1"><span class='ocrx_word' id='word_1_14' title='bbox 223 923 450 993; x_wconf 88' lang='lat' dir='ltr'><strong>dicitur</strong></span> <span class='ocrx_word' id='word_1_15' title='bbox 490 934 621 985; x_wconf 92' lang='lat' dir='ltr'><strong>non</strong></span> <span class='ocrx_word' id='word_1_16' title='bbox 661 909 961 981; x_wconf 83' lang='lat' dir='ltr'><strong>adfuisse.</strong></span> <span class='ocrx_word' id='word_1_17' title='bbox 1072 899 1349 972; x_wconf 76' lang='lat' dir='ltr'><strong>Exstitit-</strong></span> <span class='ocrx_word' id='word_1_18' title='bbox 1379 883 1481 963; x_wconf 87' lang='lat' dir='ltr'><strong>illa</strong></span> <span class='ocrx_word' id='word_1_19' title='bbox 1525 892 1767 962; x_wconf 79' lang='lat' dir='ltr'><strong>demum</strong></span> <span class='ocrx_word' id='word_1_20' title='bbox 1792 931 1817 967; x_wconf 90' lang='lat'><strong>,</strong></span> <span class='ocrx_word' id='word_1_21' title='bbox 1858 903 1893 951; x_wconf 85' lang='lat' dir='ltr'><strong>a</strong></span> <span class='ocrx_word' id='word_1_22' title='bbox 1935 901 2065 966; x_wconf 90' lang='lat' dir='ltr'><strong>quo</strong></span> 
     </span>
     <span class='ocr_line' id='line_1_4' title="bbox 227 998 2067 1124; baseline -0.026 -15"><span class='ocrx_word' id='word_1_23' title='bbox 227 1055 507 1124; x_wconf 88' lang='lat' dir='ltr'><strong>tempore</strong></span> <span class='ocrx_word' id='word_1_24' title='bbox 556 1029 844 1118; x_wconf 80' lang='lat' dir='ltr'><strong>Jupiter,</strong></span> <span class='ocrx_word' id='word_1_25' title='bbox 902 1022 1093 1089; x_wconf 85' lang='lat' dir='ltr'><strong>misso</strong></span> <span class='ocrx_word' id='word_1_26' title='bbox 1147 1017 1227 1083; x_wconf 89' lang='lat' dir='ltr'><strong>ad</strong></span> <span class='ocrx_word' id='word_1_27' title='bbox 1264 1010 1586 1081; x_wconf 88' lang='lat' dir='ltr'><strong>hominum</strong></span> <span class='ocrx_word' id='word_1_28' title='bbox 1646 1019 1842 1087; x_wconf 83' lang='lat' dir='ltr'><strong>genus</strong></span> <span class='ocrx_word' id='word_1_29' title='bbox 1899 998 2067 1067; x_wconf 83' lang='lat' dir='ltr'><strong>Mer·</strong></span> 
     </span>
     <span class='ocr_line' id='line_1_5' title="bbox 228 1113 2071 1233; baseline -0.024 -9"><span class='ocrx_word' id='word_1_30' title='bbox 228 1156 449 1233; x_wconf 87' lang='lat' dir='ltr'><strong>curio,</strong></span> <span class='ocrx_word' id='word_1_31' title='bbox 509 1155 649 1221; x_wconf 66' lang='grc' dir='ltr'><strong>αἰδῶ</strong></span> <span class='ocrx_word' id='word_1_32' title='bbox 708 1146 813 1217; x_wconf 65' lang='grc' dir='ltr'><strong>καὶ,</strong></span> <span class='ocrx_word' id='word_1_33' title='bbox 858 1143 1019 1220; x_wconf 59' lang='lat' dir='ltr'><strong>&amp;nitu</strong></span> <span class='ocrx_word' id='word_1_34' title='bbox 1075 1150 1287 1202; x_wconf 92' lang='lat' dir='ltr'><strong>eorum</strong></span> <span class='ocrx_word' id='word_1_35' title='bbox 1332 1123 1550 1195; x_wconf 88' lang='lat' dir='ltr'><strong>animis</strong></span> <span class='ocrx_word' id='word_1_36' title='bbox 1593 1118 1842 1187; x_wconf 80' lang='lat' dir='ltr'><strong>indidit.</strong></span> <span class='ocrx_word' id='word_1_37' title='bbox 1945 1113 2071 1181; x_wconf 88' lang='lat' dir='ltr'><strong>Sed</strong></span> 
     </span>
     <span class='ocr_line' id='line_1_6' title="bbox 233 1229 2073 1348; baseline -0.027 -7"><span class='ocrx_word' id='word_1_38' title='bbox 233 1290 361 1342; x_wconf 90' lang='lat' dir='ltr'><strong>rem</strong></span> <span class='ocrx_word' id='word_1_39' title='bbox 404 1268 589 1334; x_wconf 85' lang='lat' dir='ltr'><strong>nobis</strong></span> <span class='ocrx_word' id='word_1_40' title='bbox 632 1264 766 1348; x_wconf 85' lang='lat' dir='ltr'><strong>ipse</strong></span> <span class='ocrx_word' id='word_1_41' title='bbox 807 1271 1043 1326; x_wconf 88' lang='lat' dir='ltr'><strong>enarret</strong></span> <span class='ocrx_word' id='word_1_42' title='bbox 1085 1253 1478 1330; x_wconf 75' lang='lat' dir='ltr'><strong>Protagoras.</strong></span> <span class='ocrx_word' id='word_1_43' title='bbox 1564 1237 1715 1303; x_wconf 69' lang='lat' dir='ltr'><strong>Sola</strong></span> <span class='ocrx_word' id='word_1_44' title='bbox 1753 1233 1904 1311; x_wconf 74' lang='lat' dir='ltr'><strong>illa,</strong></span> <span class='ocrx_word' id='word_1_45' title='bbox 1943 1229 2073 1308; x_wconf 86' lang='lat' dir='ltr'><strong>ait,</strong></span> 
     </span>
     <span class='ocr_line' id='line_1_7' title="bbox 227 1345 2077 1458; baseline -0.026 -1"><span class='ocrx_word' id='word_1_46' title='bbox 227 1388 380 1458; x_wconf 78' lang='lat' dir='ltr'><strong>artis</strong></span> <span class='ocrx_word' id='word_1_47' title='bbox 444 1382 731 1452; x_wconf 77' lang='lat' dir='ltr'>facultate</span> <span class='ocrx_word' id='word_1_48' title='bbox 803 1368 1091 1442; x_wconf 78' lang='lat' dir='ltr'><strong>instructi</strong></span> <span class='ocrx_word' id='word_1_49' title='bbox 1165 1362 1448 1432; x_wconf 86' lang='lat' dir='ltr'><strong>homines</strong></span> <span class='ocrx_word' id='word_1_50' title='bbox 1515 1351 1774 1439; x_wconf 78' lang='lat' dir='ltr'><strong>sparsim</strong></span> <span class='ocrx_word' id='word_1_51' title='bbox 1838 1345 2077 1414; x_wconf 87' lang='lat' dir='ltr'><strong>habita·</strong></span> 
     </span>
     <span class='ocr_line' id='line_1_8' title="bbox 230 1463 2071 1576; baseline -0.028 -1"><span class='ocrx_word' id='word_1_52' title='bbox 230 1509 412 1576; x_wconf 81' lang='lat' dir='ltr'><strong>bant:</strong></span> <span class='ocrx_word' id='word_1_53' title='bbox 499 1518 637 1566; x_wconf 89' lang='lat' dir='ltr'><strong>nam</strong></span> <span class='ocrx_word' id='word_1_54' title='bbox 696 1493 884 1561; x_wconf 81' lang='lat' dir='ltr'><strong>urbes</strong></span> <span class='ocrx_word' id='word_1_55' title='bbox 938 1487 1211 1555; x_wconf 88' lang='lat' dir='ltr'><strong>nondum</strong></span> <span class='ocrx_word' id='word_1_56' title='bbox 1262 1491 1460 1546; x_wconf 81' lang='lat' dir='ltr'><strong>erant.</strong></span> <span class='ocrx_word' id='word_1_57' title='bbox 1571 1463 2071 1539; x_wconf 87' lang='lat' dir='ltr'><strong>Dilacerabantur</strong></span> 
     </span>
     <span class='ocr_line' id='line_1_9' title="bbox 228 1578 2074 1709; baseline -0.029 -16"><span class='ocrx_word' id='word_1_58' title='bbox 228 1623 422 1709; x_wconf 79' lang='lat' dir='ltr'><strong>igitur</strong></span> <span class='ocrx_word' id='word_1_59' title='bbox 458 1615 713 1695; x_wconf 79' lang='lat' dir='ltr'><strong>aseris,</strong></span> <span class='ocrx_word' id='word_1_60' title='bbox 759 1600 1259 1694; x_wconf 89' lang='lat' dir='ltr'><strong>quandoquidem</strong></span> <span class='ocrx_word' id='word_1_61' title='bbox 1301 1595 1403 1661; x_wconf 86' lang='lat' dir='ltr'><strong>his</strong></span> <span class='ocrx_word' id='word_1_62' title='bbox 1448 1588 1703 1656; x_wconf 88' lang='lat' dir='ltr'><strong>omnino</strong></span> <span class='ocrx_word' id='word_1_63' title='bbox 1747 1595 1919 1648; x_wconf 86' lang='lat' dir='ltr'><strong>erant</strong></span> <span class='ocrx_word' id='word_1_64' title='bbox 1959 1578 2074 1643; x_wconf 88' lang='lat' dir='ltr'><strong>im·</strong></span> 
     </span>
     <span class='ocr_line' id='line_1_10' title="bbox 236 1702 2077 1807; baseline -0.028 1"><span class='ocrx_word' id='word_1_65' title='bbox 236 1737 615 1807; x_wconf 86' lang='lat' dir='ltr'><strong>becilliores.</strong></span> <span class='ocrx_word' id='word_1_66' title='bbox 720 1727 1037 1802; x_wconf 68' lang='lat' dir='ltr'><strong>nommiw</strong></span> <span class='ocrx_word' id='word_1_67' title='bbox 1094 1723 1256 1792; x_wconf 89' lang='lat' dir='ltr'><strong>enim</strong></span> <span class='ocrx_word' id='word_1_68' title='bbox 1314 1714 1534 1795; x_wconf 72' lang='grc' dir='ltr'><strong><em>τέχνην</em></strong></span> <span class='ocrx_word' id='word_1_69' title='bbox 1588 1702 1863 1769; x_wconf 90' lang='lat' dir='ltr'><strong>nondum</strong></span> <span class='ocrx_word' id='word_1_70' title='bbox 1908 1711 2077 1761; x_wconf 86' lang='lat' dir='ltr'><strong>tene·</strong></span> 
     </span>
     <span class='ocr_line' id='line_1_11' title="bbox 232 1809 2079 1949; baseline -0.027 -28"><span class='ocrx_word' id='word_1_71' title='bbox 232 1856 428 1949; x_wconf 62' lang='lat' dir='ltr'><strong>bant,</strong></span> <span class='ocrx_word' id='word_1_72' title='bbox 471 1851 653 1935; x_wconf 87' lang='lat' dir='ltr'><strong>cujus</strong></span> <span class='ocrx_word' id='word_1_73' title='bbox 694 1861 836 1929; x_wconf 81' lang='lat' dir='ltr'><strong>pars</strong></span> <span class='ocrx_word' id='word_1_74' title='bbox 874 1851 971 1905; x_wconf 86' lang='lat' dir='ltr'><strong>est</strong></span> <span class='ocrx_word' id='word_1_75' title='bbox 1006 1826 1451 1903; x_wconf 84' lang='lat' dir='ltr'><strong>ars-militaris.</strong></span> <span class='ocrx_word' id='word_1_76' title='bbox 1560 1817 1847 1888; x_wconf 83' lang='lat' dir='ltr'><strong>Urbibus</strong></span> <span class='ocrx_word' id='word_1_77' title='bbox 1886 1809 2079 1895; x_wconf 83' lang='lat' dir='ltr'><strong>igitur</strong></span> 
     </span>
     <span class='ocr_line' id='line_1_12' title="bbox 232 1933 2079 2043; baseline -0.029 -3"><span class='ocrx_word' id='word_1_78' title='bbox 232 1967 574 2040; x_wconf 81' lang='lat' dir='ltr'><strong>condendis</strong></span> <span class='ocrx_word' id='word_1_79' title='bbox 641 1953 998 2043; x_wconf 78' lang='lat' dir='ltr'><strong>congregari</strong></span> <span class='ocrx_word' id='word_1_80' title='bbox 1077 1942 1436 2025; x_wconf 82' lang='lat' dir='ltr'><strong>servarique</strong></span> <span class='ocrx_word' id='word_1_81' title='bbox 1513 1933 1888 2009; x_wconf 74' lang='lat' dir='ltr'><strong>studebant,</strong></span> <span class='ocrx_word' id='word_1_82' title='bbox 1972 1940 2079 1991; x_wconf 80' lang='lat' dir='ltr'><strong>ve·</strong></span> 
     </span>
     <span class='ocr_line' id='line_1_13' title="bbox 238 2037 2077 2165; baseline -0.029 -9"><span class='ocrx_word' id='word_1_83' title='bbox 238 2106 374 2156; x_wconf 86' lang='lat' dir='ltr'><strong>rum</strong></span> <span class='ocrx_word' id='word_1_84' title='bbox 398 2133 422 2165; x_wconf 91' lang='lat'><strong>,</strong></span> <span class='ocrx_word' id='word_1_85' title='bbox 462 2101 605 2150; x_wconf 86' lang='lat' dir='ltr'><strong>cum</strong></span> <span class='ocrx_word' id='word_1_86' title='bbox 648 2088 856 2146; x_wconf 80' lang='lat' dir='ltr'><strong>essent</strong></span> <span class='ocrx_word' id='word_1_87' title='bbox 896 2065 1288 2151; x_wconf 83' lang='lat' dir='ltr'><strong>congregati,</strong></span> <span class='ocrx_word' id='word_1_88' title='bbox 1351 2053 1608 2142; x_wconf 74' lang='lat' dir='ltr'><strong>iniurias</strong></span> <span class='ocrx_word' id='word_1_89' title='bbox 1645 2046 1767 2115; x_wconf 82' lang='lat' dir='ltr'><strong>sibi</strong></span> <span class='ocrx_word' id='word_1_90' title='bbox 1813 2037 2077 2109; x_wconf 82' lang='lat' dir='ltr'><strong>invicem</strong></span> 
     </span>
     <span class='ocr_line' id='line_1_14' title="bbox 242 2171 2089 2277; baseline -0.03 -5"><span class='ocrx_word' id='word_1_91' title='bbox 242 2202 587 2272; x_wconf 70' lang='lat' dir='ltr'><strong>inferebant</strong></span> <span class='ocrx_word' id='word_1_92' title='bbox 608 2242 632 2277; x_wconf 93' lang='lat'><strong>,</strong></span> <span class='ocrx_word' id='word_1_93' title='bbox 695 2191 930 2276; x_wconf 79' lang='lat' dir='ltr'><strong>quippe</strong></span> <span class='ocrx_word' id='word_1_94' title='bbox 989 2188 1097 2263; x_wconf 65' lang='grc' dir='ltr'><strong>τὴν</strong></span> <span class='ocrx_word' id='word_1_95' title='bbox 1136 2178 1385 2253; x_wconf 71' lang='grc' dir='ltr'><strong><em>πολικῆν</em></strong></span> <span class='ocrx_word' id='word_1_96' title='bbox 1421 2173 1645 2254; x_wconf 72' lang='grc' dir='ltr'><strong><em>τέχνην</em></strong></span> <span class='ocrx_word' id='word_1_97' title='bbox 1699 2177 1830 2228; x_wconf 83' lang='lat' dir='ltr'><strong>uon</strong></span> <span class='ocrx_word' id='word_1_98' title='bbox 1869 2171 2089 2222; x_wconf 85' lang='lat' dir='ltr'><strong>tenen·</strong></span> 
     </span>
     <span class='ocr_line' id='line_1_15' title="bbox 237 2271 2087 2400; baseline -0.029 -12"><span class='ocrx_word' id='word_1_99' title='bbox 237 2338 381 2388; x_wconf 77' lang='lat' dir='ltr'><strong>test</strong></span> <span class='ocrx_word' id='word_1_100' title='bbox 448 2311 736 2400; x_wconf 75' lang='lat' dir='ltr'><strong>quocirca</strong></span> <span class='ocrx_word' id='word_1_101' title='bbox 788 2299 1053 2388; x_wconf 87' lang='lat' dir='ltr'><strong>dispersi</strong></span> <span class='ocrx_word' id='word_1_102' title='bbox 1102 2298 1307 2363; x_wconf 91' lang='lat' dir='ltr'><strong>denuo</strong></span> <span class='ocrx_word' id='word_1_103' title='bbox 1368 2283 1725 2358; x_wconf 68' lang='lat' dir='ltr'><strong>interibant.</strong></span> <span class='ocrx_word' id='word_1_104' title='bbox 1837 2271 2087 2356; x_wconf 85' lang='lat' dir='ltr'><strong>Jupiter</strong></span> 
     </span>
     <span class='ocr_line' id='line_1_16' title="bbox 240 2404 2087 2521; baseline -0.03 -16"><span class='ocrx_word' id='word_1_105' title='bbox 240 2435 435 2521; x_wconf 84' lang='lat' dir='ltr'><strong>igitur</strong></span> <span class='ocrx_word' id='word_1_106' title='bbox 501 2430 578 2496; x_wconf 90' lang='lat' dir='ltr'><strong>de</strong></span> <span class='ocrx_word' id='word_1_107' title='bbox 648 2440 872 2510; x_wconf 84' lang='lat' dir='ltr'><strong>genero</strong></span> <span class='ocrx_word' id='word_1_108' title='bbox 933 2430 1156 2483; x_wconf 87' lang='lat' dir='ltr'><strong>nostro</strong></span> <span class='ocrx_word' id='word_1_109' title='bbox 1224 2411 1495 2481; x_wconf 73' lang='lat' dir='ltr'><strong>timenS,</strong></span> <span class='ocrx_word' id='word_1_110' title='bbox 1559 2415 1639 2465; x_wconf 88' lang='lat' dir='ltr'><strong>ne</strong></span> <span class='ocrx_word' id='word_1_111' title='bbox 1682 2408 1881 2460; x_wconf 89' lang='lat' dir='ltr'><strong>totum</strong></span> <span class='ocrx_word' id='word_1_112' title='bbox 1944 2404 2087 2452; x_wconf 82' lang='lat' dir='ltr'><strong>eva·</strong></span> 
     </span>
     <span class='ocr_line' id='line_1_17' title="bbox 239 2497 2089 2628; baseline -0.034 -4"><span class='ocrx_word' id='word_1_113' title='bbox 239 2563 561 2628; x_wconf 72' lang='lat' dir='ltr'><strong>maceret,</strong></span> <span class='ocrx_word' id='word_1_114' title='bbox 602 2537 985 2612; x_wconf 85' lang='lat' dir='ltr'><strong>Mercurium</strong></span> <span class='ocrx_word' id='word_1_115' title='bbox 1042 2530 1121 2595; x_wconf 90' lang='lat' dir='ltr'><strong>ad</strong></span> <span class='ocrx_word' id='word_1_116' title='bbox 1172 2522 1460 2592; x_wconf 83' lang='lat' dir='ltr'><strong>homines</strong></span> <span class='ocrx_word' id='word_1_117' title='bbox 1504 2513 1716 2590; x_wconf 80' lang='lat' dir='ltr'><strong>misit,</strong></span> <span class='ocrx_word' id='word_1_118' title='bbox 1760 2505 1865 2590; x_wconf 90' lang='lat' dir='ltr'><strong>qui</strong></span> <span class='ocrx_word' id='word_1_119' title='bbox 1909 2497 2089 2567; x_wconf 85' lang='lat' dir='ltr'><strong>affer·</strong></span> 
     </span>
    </p>
   </div>
   <div class='ocr_carea' id='block_1_3' title="bbox 243 2623 2087 2742">
    <p class='ocr_par' dir='ltr' id='par_1_3' title="bbox 243 2623 2087 2742">
     <span class='ocr_line' id='line_1_18' title="bbox 243 2623 2087 2742; baseline -0.034 1"><span class='ocrx_word' id='word_1_120' title='bbox 243 2685 341 2742; x_wconf 87' lang='lat' dir='ltr'><strong>ret</strong></span> <span class='ocrx_word' id='word_1_121' title='bbox 380 2668 461 2735; x_wconf 76' lang='lat' dir='ltr'><strong>iis</strong></span> <span class='ocrx_word' id='word_1_122' title='bbox 530 2668 671 2736; x_wconf 65' lang='grc' dir='ltr'><strong>αἰδῶ</strong></span> <span class='ocrx_word' id='word_1_123' title='bbox 734 2685 805 2732; x_wconf 81' lang='grc' dir='ltr'><strong>τε</strong></span> <span class='ocrx_word' id='word_1_124' title='bbox 866 2655 968 2723; x_wconf 62' lang='grc' dir='ltr'><strong>καὶ</strong></span> <span class='ocrx_word' id='word_1_125' title='bbox 1033 2650 1192 2725; x_wconf 68' lang='grc' dir='ltr'><strong><em>ὃικὲν</em></strong></span> <span class='ocrx_word' id='word_1_126' title='bbox 1206 2687 1234 2724; x_wconf 84' lang='grc'><em>,</em></span> <span class='ocrx_word' id='word_1_127' title='bbox 1279 2636 1573 2727; x_wconf 77' lang='lat' dir='ltr'><strong>pudorem</strong></span> <span class='ocrx_word' id='word_1_128' title='bbox 1614 2649 1692 2695; x_wconf 76' lang='lat' dir='ltr'><strong>ac</strong></span> <span class='ocrx_word' id='word_1_129' title='bbox 1713 2623 2036 2710; x_wconf 74' lang='lat' dir='ltr'><strong>justitiam</strong></span> <span class='ocrx_word' id='word_1_130' title='bbox 2059 2661 2087 2698; x_wconf 80' lang='lat'><strong>,</strong></span> 
     </span>
    </p>
   </div>
   <div class='ocr_carea' id='block_1_4' title="bbox 248 3078 2106 4028">
    <p class='ocr_par' dir='ltr' id='par_1_4' title="bbox 248 3078 2106 4028">
     <span class='ocr_line' id='line_1_19' title="bbox 252 3078 2095 3210; baseline -0.037 1"><span class='ocrx_word' id='word_1_131' title='bbox 252 3158 370 3210; x_wconf 87' lang='lat' dir='ltr'><strong>ret.</strong></span> <span class='ocrx_word' id='word_1_132' title='bbox 474 3134 690 3206; x_wconf 85' lang='lat' dir='ltr'><strong>Num,</strong></span> <span class='ocrx_word' id='word_1_133' title='bbox 731 3117 987 3204; x_wconf 87' lang='lat' dir='ltr'><strong>inquit,</strong></span> <span class='ocrx_word' id='word_1_134' title='bbox 1018 3127 1103 3190; x_wconf 76' lang='lat' dir='ltr'><strong>,ut</strong></span> <span class='ocrx_word' id='word_1_135' title='bbox 1146 3123 1305 3173; x_wconf 82' lang='lat' dir='ltr'><strong>artes</strong></span> <span class='ocrx_word' id='word_1_136' title='bbox 1358 3096 1727 3167; x_wconf 85' lang='lat' dir='ltr'><strong>distributae</strong></span> <span class='ocrx_word' id='word_1_137' title='bbox 1772 3099 1964 3162; x_wconf 88' lang='lat' dir='ltr'><strong>sunt,</strong></span> <span class='ocrx_word' id='word_1_138' title='bbox 2005 3078 2095 3147; x_wconf 85' lang='lat' dir='ltr'><strong>sic</strong></span> 
     </span>
     <span class='ocr_line' id='line_1_20' title="bbox 255 3197 2099 3328; baseline -0.038 -1"><span class='ocrx_word' id='word_1_139' title='bbox 255 3275 318 3328; x_wconf 92' lang='lat' dir='ltr'><strong>et</strong></span> <span class='ocrx_word' id='word_1_140' title='bbox 362 3257 512 3322; x_wconf 88' lang='lat' dir='ltr'><strong>baec</strong></span> <span class='ocrx_word' id='word_1_141' title='bbox 560 3241 922 3313; x_wconf 83' lang='lat' dir='ltr'><strong>distribuam</strong></span> <span class='ocrx_word' id='word_1_142' title='bbox 943 3232 978 3300; x_wconf 68' lang='lat'><strong>‘3</strong></span> <span class='ocrx_word' id='word_1_143' title='bbox 1102 3226 1250 3294; x_wconf 84' lang='lat' dir='ltr'><strong>mae</strong></span> <span class='ocrx_word' id='word_1_144' title='bbox 1307 3216 1543 3285; x_wconf 87' lang='lat' dir='ltr'><strong>scilicet</strong></span> <span class='ocrx_word' id='word_1_145' title='bbox 1593 3209 1680 3275; x_wconf 82' lang='lat' dir='ltr'><strong>ita</strong></span> <span class='ocrx_word' id='word_1_146' title='bbox 1732 3197 2099 3270; x_wconf 84' lang='lat' dir='ltr'><strong>distributae</strong></span> 
     </span>
     <span class='ocr_line' id='line_1_21' title="bbox 257 3314 2096 3450; baseline -0.037 -8"><span class='ocrx_word' id='word_1_147' title='bbox 257 3385 454 3450; x_wconf 80' lang='lat' dir='ltr'><strong>sunt,</strong></span> <span class='ocrx_word' id='word_1_148' title='bbox 495 3379 568 3432; x_wconf 91' lang='lat' dir='ltr'><strong>ut</strong></span> <span class='ocrx_word' id='word_1_149' title='bbox 605 3374 772 3427; x_wconf 89' lang='lat' dir='ltr'><strong>unus</strong></span> <span class='ocrx_word' id='word_1_150' title='bbox 813 3349 969 3418; x_wconf 85' lang='lat' dir='ltr'><strong>artis</strong></span> <span class='ocrx_word' id='word_1_151' title='bbox 1010 3343 1274 3411; x_wconf 86' lang='lat' dir='ltr'><strong>medicae</strong></span> <span class='ocrx_word' id='word_1_152' title='bbox 1314 3332 1552 3418; x_wconf 82' lang='lat' dir='ltr'><strong>peritus</strong></span> <span class='ocrx_word' id='word_1_153' title='bbox 1595 3321 1775 3399; x_wconf 85' lang='lat' dir='ltr'><strong>aliis,</strong></span> <span class='ocrx_word' id='word_1_154' title='bbox 1819 3315 1927 3399; x_wconf 92' lang='lat' dir='ltr'><strong>qui</strong></span> <span class='ocrx_word' id='word_1_155' title='bbox 1959 3314 2096 3397; x_wconf 84' lang='lat' dir='ltr'><strong>ejus</strong></span> 
     </span>
     <span class='ocr_line' id='line_1_22' title="bbox 260 3426 2105 3574; baseline -0.04 -14"><span class='ocrx_word' id='word_1_156' title='bbox 260 3501 539 3574; x_wconf 80' lang='lat' dir='ltr'><strong>expertes</strong></span> <span class='ocrx_word' id='word_1_157' title='bbox 597 3489 789 3553; x_wconf 84' lang='lat' dir='ltr'><strong>sunt,</strong></span> <span class='ocrx_word' id='word_1_158' title='bbox 835 3464 1144 3539; x_wconf 82' lang='lat' dir='ltr'><strong>sufficiat,</strong></span> <span class='ocrx_word' id='word_1_159' title='bbox 1187 3452 1535 3530; x_wconf 89' lang='lat' dir='ltr'><strong>caeterique</strong></span> <span class='ocrx_word' id='word_1_160' title='bbox 1575 3435 1839 3507; x_wconf 85' lang='lat' dir='ltr'><strong>artifices</strong></span> <span class='ocrx_word' id='word_1_161' title='bbox 1885 3426 2105 3495; x_wconf 83' lang='lat' dir='ltr'><strong>simili·</strong></span> 
     </span>
     <span class='ocr_line' id='line_1_23' title="bbox 254 3541 2106 3677; baseline -0.039 1"><span class='ocrx_word' id='word_1_162' title='bbox 254 3625 378 3677; x_wconf 87' lang='lat' dir='ltr'><strong>ter.</strong></span> <span class='ocrx_word' id='word_1_163' title='bbox 461 3589 795 3677; x_wconf 87' lang='lat' dir='ltr'><strong>Numquid</strong></span> <span class='ocrx_word' id='word_1_164' title='bbox 835 3585 920 3650; x_wconf 87' lang='lat' dir='ltr'><strong>ita</strong></span> <span class='ocrx_word' id='word_1_165' title='bbox 962 3579 1259 3665; x_wconf 84' lang='lat' dir='ltr'><strong>pudorem</strong></span> <span class='ocrx_word' id='word_1_166' title='bbox 1302 3585 1370 3634; x_wconf 90' lang='lat' dir='ltr'><strong>ac</strong></span> <span class='ocrx_word' id='word_1_167' title='bbox 1399 3555 1699 3650; x_wconf 89' lang='lat' dir='ltr'><strong>justitiam</strong></span> <span class='ocrx_word' id='word_1_168' title='bbox 1744 3541 2106 3616; x_wconf 78' lang='lat' dir='ltr'><strong>hominibus</strong></span> 
     </span>
     <span class='ocr_line' id='line_1_24' title="bbox 261 3654 2104 3795; baseline -0.043 0"><span class='ocrx_word' id='word_1_169' title='bbox 261 3721 476 3795; x_wconf 71' lang='lat' dir='ltr'><strong>dabo?</strong></span> <span class='ocrx_word' id='word_1_170' title='bbox 517 3733 596 3782; x_wconf 89' lang='lat' dir='ltr'><strong>an</strong></span> <span class='ocrx_word' id='word_1_171' title='bbox 634 3705 926 3778; x_wconf 89' lang='lat' dir='ltr'><strong>omnibus</strong></span> <span class='ocrx_word' id='word_1_172' title='bbox 966 3688 1278 3763; x_wconf 74' lang='lat' dir='ltr'><strong>inseram?</strong></span> <span class='ocrx_word' id='word_1_173' title='bbox 1380 3673 1729 3748; x_wconf 85' lang='lat' dir='ltr'><strong>Omnibus,</strong></span> <span class='ocrx_word' id='word_1_174' title='bbox 1770 3654 2104 3742; x_wconf 83' lang='lat' dir='ltr'><strong>respondet</strong></span> 
     </span>
     <span class='ocr_line' id='line_1_25' title="bbox 248 3774 2104 3933; baseline -0.043 -20"><span class='ocrx_word' id='word_1_175' title='bbox 248 3842 537 3933; x_wconf 77' lang='lat' dir='ltr'><strong>Jupiter:</strong></span> <span class='ocrx_word' id='word_1_176' title='bbox 621 3840 836 3896; x_wconf 82' lang='lat' dir='ltr'><strong>ornnes</strong></span> <span class='ocrx_word' id='word_1_177' title='bbox 882 3819 1107 3885; x_wconf 85' lang='lat' dir='ltr'><strong>horum</strong></span> <span class='ocrx_word' id='word_1_178' title='bbox 1163 3797 1493 3892; x_wconf 84' lang='lat' dir='ltr'><strong>participes</strong></span> <span class='ocrx_word' id='word_1_179' title='bbox 1555 3799 1774 3856; x_wconf 84' lang='lat' dir='ltr'><strong>sunto.</strong></span> <span class='ocrx_word' id='word_1_180' title='bbox 1878 3774 2104 3855; x_wconf 83' lang='lat' dir='ltr'><strong>Neque</strong></span> 
     </span>
     <span class='ocr_line' id='line_1_26' title="bbox 262 3897 2104 4028; baseline -0.044 0"><span class='ocrx_word' id='word_1_181' title='bbox 262 3958 422 4028; x_wconf 88' lang='lat' dir='ltr'><strong>enim</strong></span> <span class='ocrx_word' id='word_1_182' title='bbox 473 3946 754 4017; x_wconf 82' lang='lat' dir='ltr'><strong>civitates</strong></span> <span class='ocrx_word' id='word_1_183' title='bbox 807 3941 1207 4004; x_wconf 87' lang='lat' dir='ltr'><strong>constarent,</strong></span> <span class='ocrx_word' id='word_1_184' title='bbox 1292 3918 1346 3982; x_wconf 86' lang='lat' dir='ltr'><strong>si</strong></span> <span class='ocrx_word' id='word_1_185' title='bbox 1414 3904 1595 3996; x_wconf 86' lang='lat' dir='ltr'><strong>pauci</strong></span> <span class='ocrx_word' id='word_1_186' title='bbox 1655 3897 1945 3984; x_wconf 83' lang='lat' dir='ltr'><strong>quidam,</strong></span> <span class='ocrx_word' id='word_1_187' title='bbox 2029 3897 2104 3951; x_wconf 91' lang='lat' dir='ltr'><strong>ut</strong></span> 
     </span>
    </p>
   </div>
   <div class='ocr_carea' id='block_1_5' title="bbox 257 4002 2108 4202">
    <p class='ocr_par' dir='ltr' id='par_1_5' title="bbox 257 4002 2108 4202">
     <span class='ocr_line' id='line_1_27' title="bbox 257 4002 2108 4144; baseline -0.044 2"><span class='ocrx_word' id='word_1_188' title='bbox 257 4077 511 4144; x_wconf 79' lang='lat' dir='ltr'><strong>aliarum</strong></span> <span class='ocrx_word' id='word_1_189' title='bbox 571 4061 831 4138; x_wconf 84' lang='lat' dir='ltr'><strong>artium,</strong></span> <span class='ocrx_word' id='word_1_190' title='bbox 876 4052 963 4116; x_wconf 86' lang='lat' dir='ltr'><strong>sic</strong></span> <span class='ocrx_word' id='word_1_191' title='bbox 1009 4048 1226 4113; x_wconf 85' lang='lat' dir='ltr'><strong>horum</strong></span> <span class='ocrx_word' id='word_1_192' title='bbox 1271 4044 1480 4101; x_wconf 84' lang='lat' dir='ltr'><strong>essent</strong></span> <span class='ocrx_word' id='word_1_193' title='bbox 1526 4015 1877 4108; x_wconf 78' lang='lat' dir='ltr'><strong>participes.</strong></span> <span class='ocrx_word' id='word_1_194' title='bbox 1983 4002 2108 4069; x_wconf 88' lang='lat' dir='ltr'><strong>Le·</strong></span> 
     </span>
     <span class='ocr_line' id='line_1_28' title="bbox 1969 4130 2107 4202; baseline -0.043 1"><span class='ocrx_word' id='word_1_195' title='bbox 1969 4130 2107 4202; x_wconf 61' lang='lat' dir='ltr'><strong>gem</strong></span> 
     </span>
    </p>
   </div>
  </div>
 </body>
</html>
