2792 5167
342 614 482 688 toni
521 583 970 705 perfidmdum‘
1004 621 1370 712 reliquerit:
1418 636 1551 692 tum
1590 622 1821 708 etiam,
1870 622 2022 710 quid
2058 639 2198 694 mo-

342 733 501 802 litus
562 735 647 804 sit
699 751 853 824 post
909 753 1250 821 utrumque
1311 741 1688 808 Aristoteles
1734 755 1885 807 cum
1942 742 2019 807 ad
2070 741 2202 808 dla-

348 852 602 921 lectioee
642 852 1076 924 vindicandum
1112 855 1180 922 in
1214 857 1522 925 doctrinis
1560 858 1971 943 principatum
1992 904 2019 940 ‚
2061 865 2200 923 tuln

347 966 426 1034 ad
471 947 715 1040 novam
779 969 930 1039 huie
989 972 1443 1061 adjungendam
1513 975 1713 1061 ipsius
1776 975 1948 1058 veri,
2018 981 2203 1047 αὑτοῦ

345 1091 452 1157 τοῦ
503 1088 665 1169 ὄντος
681 1139 706 1170 .
787 1087 1129 1158 doctrinam
1155 1136 1183 1174 ,
1236 1109 1423 1175 quam
1505 1094 1751 1179 posteri
1810 1087 2210 1175 'metaphysi-

339 1220 479 1271 carn
532 1204 944 1290 appellarunt.
1047 1205 1170 1276 His
1233 1207 1485 1279 demum
1540 1209 1932 1295 exploratis,
1998 1208 2210 1276 Plato-

342 1318 449 1387 nis
525 1321 717 1390 nobis
789 1323 1108 1391 dialectica
1183 1325 1366 1410 quasi
1443 1326 1511 1394 in
1598 1337 1958 1408 conspectu
1976 1369 2007 1406 ‚
2089 1341 2212 1409 pu·

346 1457 416 1505 ra
488 1453 560 1506 ct
641 1439 934 1521 sincera,
1007 1438 1132 1506 erit
1195 1442 1449 1525 posita,
1531 1454 1606 1508 ut
1687 1440 1892 1525 qualis
1966 1435 2159 1507 faerit
2182 1487 2210 1524 ,

354 1552 514 1636 quid
559 1552 685 1620 sibi
740 1551 1067 1639 proprium
1123 1552 1409 1622 habuerit
1470 1567 1539 1621 et
1600 1554 1915 1639 singulare
1936 1600 1962 1635 ,
2001 1572 2218 1635 quam·

351 1686 486 1755 que
543 1666 694 1739 item
753 1665 823 1739 in
896 1669 1305 1738 Aristotelem
1361 1684 1429 1738 et
1482 1655 1705 1737 sectas'
1742 1669 2037 1753 deinceps
2085 1687 2221 1735 om-

351 1805 468 1855 ncs
525 1786 656 1855 vim
695 1785 1104 1871 exercuerit,
1145 1785 1549 1871 intelligatur.
1632 1783 1799 1853 Nam
1843 1785 1966 1852 nisi
2004 1785 2070 1852 in
2097 1784 2223 1851 hoc

353 1900 762 1971 celeberrimo
816 1903 1346 1989 philosophorum
1406 1900 1849 1986 triumviratu,
1894 1901 2219 1984 Socratis,

347 2018 669 2100 Platonis,
703 2019 1072 2089 Aristotelis
1097 2067 1123 2103 ,
1146 2038 1303 2087 suus
1325 2019 1571 2089 Platoni
1598 2020 1782 2087 locus
1819 2018 2220 2103 adsignetur,

355 2136 690 2204 dinatum·
726 2135 1097 2220 philosophi
1116 2181 1144 2218 ‚
1186 2136 1326 2220 ipsa
1373 2137 1533 2203 adeo
1584 2134 1993 2223 philosophia
2038 2135 2225 2220 peni·

364 2266 472 2320 tus
522 2267 586 2321 et
629 2264 763 2321 tota
812 2252 1114 2338 cognosci
1177 2255 1358 2320 nullo
1417 2252 1611 2321 modo
1658 2266 1902 2338 potest.
1984 2250 2229 2318 Vident

353 2371 676 2453 lectores,
699 2369 848 2455 quis
889 2371 976 2437 sit
1015 2388 1333 2455 quamque
1379 2369 1504 2438 late
1556 2383 1767 2456 pateat
1807 2386 2069 2453 campus
2091 2414 2117 2448 ‚
2162 2367 2227 2433 in

359 2504 551 2571 quem
607 2505 779 2555 nunc
833 2485 1025 2554 nobis
1067 2487 1519 2554 excurrentium
1555 2500 1682 2555 est.
1768 2485 1859 2553 Et
1894 2482 2225 2570 profecto,

367 2603 547 2687 quod
606 2601 687 2671 ab
738 2602 921 2669 initio
957 2601 1268 2685 diximus,
1307 2604 1466 2668 hanc
1516 2620 1659 2669 esse
1710 2601 1775 2667 in
1842 2602 2060 2686 primis
2099 2600 2231 2668 dis·

364 2719 659 2808 ciplinam
686 2766 713 2803 ‚
756 2737 917 2802 quae
951 2732 1018 2787 et
1071 2718 1374 2816 prodesse
1407 2718 1668 2786 maxime
1708 2731 1776 2787 et
1830 2719 2053 2787 obesse
2086 2716 2229 2802 phi-

373 2834 709 2919 losophiae
758 2833 1310 2916 doctrinarumque
1346 2835 1573 2899 studiis
1629 2833 1835 2919 possit
1872 2835 2230 2902 istiusmodi

379 2965 526 3034 cst,
591 2964 665 3017 ut
722 2949 900 3015 locus
959 2947 1061 3014 hic
1103 2948 1288 3017 nobis
1341 2950 1405 3017 in
1459 2947 1978 3035 philosophorum
2007 3002 2034 3036 ‚
2098 2952 2229 3017 imo

373 3068 657 3136 omnium
717 3065 785 3133 in
842 3083 1065 3147 usum,
1149 3064 1260 3150 qui
1309 3067 1623 3135 doctrinas
1669 3069 1977 3149 tractant,
2043 3068 2231 3132 latius

370 3183 678 3270 omnique
721 3180 961 3251 ambitu
1015 3183 1371 3250 tractandus
1414 3184 1723 3251 videatur.
1810 3181 2084 3266 Operam
2125 3201 2236 3248 au-

370 3318 501 3371 tem
553 3298 844 3369 dabimus
864 3345 893 3382 ,
936 3312 1009 3367 ut
1057 3300 1124 3367 in
1167 3300 1269 3367 his
1307 3298 1696 3383 exponendis
1748 3299 1910 3381 tinae
1949 3299 2237 3365 abstrusa

375 3424 574 3506 vulgo
655 3433 724 3487 et
797 3415 1176 3504 perobscura
1246 3416 1543 3486 videntur
1561 3463 1587 3499 ,
1673 3410 2109 3499 perspicuitati
2179 3429 2244 3482 et

387 3536 596 3620 quoad
647 3536 789 3622 cius
866 3531 1004 3602 fieri
1079 3548 1294 3619 potest
1318 3580 1344 3616 ,
1432 3531 1728 3600 suavitati
1808 3530 2234 3599 consulamus.

389 3651 589 3738 Quod
636 3665 710 3719 ut
775 3650 962 3722 nobis
1004 3667 1043 3719 e
1069 3645 1236 3718 'voto
1276 3648 1455 3716 cedat
1472 3695 1497 3730 ‚
1559 3643 1991 3713 adhibebimus
2045 3648 2244 3714 conti·

388 3785 530 3838 nuo
582 3766 1007 3852 disquisitioni
1068 3766 1367 3834 historiae
1412 3767 1671 3832 lumcnt
1737 3760 2085 3831 dialecticae
2134 3782 2246 3831 ex·

389 3884 714 3972 quiremus
780 3884 848 3954 in
910 3899 1137 3970 genere
1192 3883 1467 3948 humano
1533 3876 1832 3964 originem
1886 3894 1952 3947 et
2020 3879 2239 3947 initiat

301 4093 330 4120 ι
391 3999 806 4089 procedam·
867 3995 1172 4108 inde‘ad
1227 3996 1551 4068 ὃσα-ιω
1624 3994 2250 4086 etproprimejm

379 4165 390 4174 .
2121 4124 2253 4177 me-
