2792 5167
1447 470 1806 514 §it-12—

688 636 827 704 scd'
880 653 1022 702 cum
1088 632 1428 716 discipulo.
1517 632 1641 697 Est
1698 631 1820 696 hoc
1876 629 2159 711 scilicet,
2207 632 2537 713 Creuzere,
2591 693 2602 710 ,

687 753 925 836 magnis
985 750 1250 834 ingeniis
1318 748 1645 833 proprium
1665 795 1690 829 ‚
1765 750 1941 831 quod
2012 767 2093 814 ne
2158 750 2546 832 suspicantur

687 870 935 952 quidem
987 869 1274 935 homines
1318 869 1491 933 leves
1549 881 1613 931 et
1657 867 1803 933 vani
1818 914 1843 947 .,
1888 882 1958 931 ut
2008 868 2239 932 lateant
2294 866 2546 933 maxime

693 1000 864 1066 tum,
929 985 1178 1067 quando
1229 985 1298 1051 hi
1332 984 1596 1050 maxime
1651 985 2028 1068 splendent,
2069 984 2137 1050 id
2171 999 2313 1066 est,
2362 1002 2549 1068 quan-

686 1105 769 1170 do
811 1123 1016 1170 sermo
1081 1118 1180 1169 est
1243 1104 1323 1169 de
1380 1102 1621 1185 magnis
1673 1102 1856 1169 viris.
1961 1103 2157 1189 Quod
2214 1117 2288 1168 tu
2347 1119 2545 1168 autem

681 1221 995 1306 scripsisti
1012 1269 1037 1303 ‚
1118 1223 1283 1288 lecto
1345 1221 1439 1286 W
1439 1221 1819 1314 yttenbachji
1872 1221 2035 1286 libro
2056 1268 2082 1303 ‚
2159 1220 2550 1287 absterritum

683 1354 747 1405 te
810 1340 1009 1423 magis
1069 1338 1270 1406 fuisse
1328 1339 1675 1422 continuo,
1761 1359 1947 1422 quam
2018 1340 2304 1405 allectum
2324 1384 2350 1419 ‚
2411 1357 2550 1420 per-

680 1455 855 1525 fecta
912 1458 1043 1540 illa¹
1080 1458 1306 1525 Critici
1336 1525 1341 1530 .
1367 1458 1665 1541 imagine:
1748 1472 1811 1523 et
1882 1458 2005 1525 hoe
2076 1457 2344 1541 pariter,
2428 1456 2550 1523 imo

678 1578 882 1643 multo
916 1577 1113 1660 magis
1150 1577 1333 1643 etiam
1374 1592 1438 1643 et
1472 1573 1732 1656 merito,
1782 1575 1990 1641 evenit
2028 1575 2208 1640 mihi.
2297 1574 2554 1642 Leidam

679 1696 907 1777 reliqui
928 1743 952 1776 ‚
1028 1708 1100 1759 ut
1169 1709 1313 1760 ante
1394 1693 1713 1757 biennium
1788 1694 1901 1757 illa
1978 1698 2244 1775 vespera
2302 1694 2568 1758 domum·

681 1811 1200 1895 wyttenbachii‚
1245 1810 1515 1895 primum
1571 1808 1785 1874 hilaris
1835 1826 2026 1874 sensu
2066 1824 2129 1874 et
2179 1808 2560 1874 recordatio-

676 1947 759 1994 ne
787 1943 1115 2013 perceptae
1153 1927 1553 2012 voluptatis3
1600 1926 1714 1992 sed
1752 1941 2034 1993 moestus
2081 1926 2302 1993 deinde
2344 1941 2406 1991 et
2439 1926 2560 1992 mi·-

678 2045 746 2113 hi
794 2043 1158 2131 displicens.
1246 2047 1489 2112 Verum
1551 2045 1714 2111 enim
1776 2045 1945 2110 haud
1989 2060 2219 2110 temere
2273 2057 2335 2109 et
2387 2044 2558 2110 hunc

670 2165 831 2231 mihi
895 2166 1177 2231 dolorem
1232 2165 1524 2248 injecerat
1577 2164 1865 2234 Socrates
1916 2164 2022 2227 ille
2075 2182 2280 2230 meus.

760 2283 1016 2348 Annum
1055 2281 1349 2364 deinceps
1397 2279 1600 2345 mansi
1640 2279 2095 2346 Amstelodami
2116 2326 2141 2360 ‚
2187 2278 2424 2363 quippe
2455 2280 2568 2363 ju·-

673 2398 1164 2484 risprudentiae‚
1212 2414 1284 2463 ut
1327 2397 1507 2479 dixi,
1551 2418 1586 2463 a
1629 2413 1805 2482 patre
1853 2397 2226 2464 destinatus·
2307 2397 2396 2464 Et
2446 2397 2566 2464 ha·-

673 2517 896 2582 bebam
931 2515 1059 2581 illic
1097 2516 1330 2581 amicos
1376 2516 1975 2602 conjunctissimOS‚
2023 2514 2401 2598 quibuscum
2447 2516 2568 2582 ad-

667 2634 794 2700 huc
849 2633 1361 2719 conjunctissime
1426 2634 1582 2701 vixi.
1708 2633 2027 2699 Habebam
2095 2633 2563 2715 Hieronymum

671 2750 1050 2834 Boschium‚
1132 2752 1657 2835 elegantissimum
1723 2753 1928 2818 virum
1951 2799 1976 2833 ‚
2023 2771 2154 2835 quo
2207 2766 2369 2818 terra
2421 2769 2582 2817 non·

669 2871 822 2936 tulit
866 2871 1327 2954 candidiorem,
1392 2871 1634 2954 quique
1683 2889 1782 2937 me
1835 2887 1907 2936 ut
1961 2871 2159 2937 filium
2206 2870 2507 2954 diligebat
2533 2893 2560 2938 a

670 3002 734 3052 et
794 3005 947 3052 vero
1014 2991 1218 3053 claros
1292 2989 1593 3054 habebam
1665 3004 2103 3072 praeceptores
2175 2990 2504 3055 Crassium
2527 3038 2561 3072 ‚

672 3101 1140 3181 swindenium‚
1185 3102 1579 3186 Lennepium
1617 3103 1808 3184 item,
1855 3104 1965 3186 qui
2001 3105 2190 3170 modo
2250 3105 2590 3186 wytoem.

665 3218 895 3290 bachio
956 3234 1378 3286 successerat:
1455 3239 1828 3303 quamquam
1882 3222 1983 3287 hic
2007 3268 2031 3301 ,
2075 3240 2194 3304 pro
2247 3221 2588 3304 singular-ii

669 3335 791 3402 viri
844 3336 1266 3418 humanitate,
1348 3338 1549 3404 amico
1581 3355 1681 3403 me
1728 3339 1992 3408 malebat
2021 3386 2046 3420 ‚
2121 3357 2307 3422 quam
2359 3338 2576 3406 disci-

665 3456 821 3540 pulo
842 3502 867 3536 ‚
934 3454 1055 3521 uti.
1150 3455 1631 3523 ⁴Verumtamen
1703 3454 2265 3539 Wyttenbachium
2342 3473 2570 3523 meum

668 3588 913 3654 semper
973 3570 1257 3653 cogitans
1334 3583 1398 3635 et
1463 3571 1532 3636 in
1603 3572 1806 3638 oculis
1867 3570 2076 3639 ferens
2100 3619 2130 3653 ‚
2217 3572 2594 3656 impatiens-

664 3707 873 3755 morae
891 3737 916 3771 ‚
963 3688 1348 3773 Lugdunum
1404 3690 1628 3756 deinde
1688 3690 1976 3757 discessi.

747 3805 856 3872 Ab
906 3807 1029 3872 hoc
1089 3824 1295 3873 autem
1348 3821 1633 3892 tempore
1670 3808 1868 3892 magis
1907 3808 2203 3892 deinceps
2246 3809 2383 3876 sive
2418 3807 2578 3874 ani-

663 3924 1047 3990 madvertere
1098 3924 1232 3990 sive
1270 3924 1579 4009 suspicari
1635 3925 1865 4010 coepi,
1910 3903 2072 4009 quae
2100 3926 2346 3992 tandem
2382 3940 2574 3992 esset:

672 4039 1150 4123 wyttenbachii
1196 4025 1595 4125 praestantia.
1684 4041 1860 4111 Nam'
1901 4058 2118 4127 antea,
2157 4056 2234 4109 ut
2287 4041 2414 4109 fert
2444 4044 2576 4129 ju-

2437 4179 2572 4236 ve-
