2792 5167
1475 570 1822 635 —40—-2

719 731 884 816 juria
925 744 1128 799 autem
1167 714 1621 816 affici'malum3
1682 736 1796 801 sed
1841 736 2027 815 longe
2065 733 2210 817 plus
2253 731 2397 797 mali
2434 748 2576 798 &e

728 846 796 911 in
854 846 1145 928 patiendo
1206 846 1529 933 injuriam,
1606 867 1790 932 quam
1854 847 2007 916 boni
2070 848 2136 916 in
2198 846 2571 915 inferendos

734 962 1170 1043 quamobrem,
1213 978 1546 1047 postquam
1604 964 1880 1033 vicissim
1938 964 2221 1051 injuriam
2254 981 2318 1031 et
2348 967 2575 1032 intule-

733 1076 862 1143 rint
894 1091 957 1143 et
990 1078 1338 1163 acceperint
1371 1096 1564 1165 atque
1602 1096 1936 1164 utrumque
1985 1080 2415 1168 gustaverint,
2458 1080 2573 1163 qui

735 1212 1054 1278 nequeunt
1098 1195 1289 1264 vitare
1334 1198 1529 1280 illud,
1588 1198 1652 1264 id
1692 1197 1999 1282 consequi
2042 1216 2262 1282 operae
2297 1196 2570 1282 pretium

735 1307 880 1378 fore
920 1315 1191 1394 ducunt,
1237 1328 1310 1380 ut
1344 1311 1430 1381 ita
1465 1314 1728 1381 invicem
1769 1327 2192 1397 component,
2242 1328 2317 1379 ut
2367 1330 2573 1395 neque

738 1427 951 1497 inferri
987 1448 1194 1514 neque
1228 1429 1427 1515 accipi
1470 1430 1676 1515 possit
1715 1429 1936 1516 iniuria
1957 1450 1979 1494 ι
2041 1428 2310 1510 hincque
2345 1427 2574 1494 volunt

737 1543 1034 1631 originem
1070 1547 1360 1615 habuisse
1385 1548 1558 1631 leges
1588 1562 1776 1628 etque
1815 1544 2136 1626 instituta,
2172 1558 2235 1609 et
2256 1542 2571 1609 nominata

738 1681 876 1728 esse
907 1680 1230 1748 praecepta
1265 1650 1471 1747 legum
1505 1662 1776 1747 legitima
1812 1681 1881 1728 ac
1903 1663 2096 1748 juste.
2162 1659 2342 1726 Hanc
2379 1658 2569 1743 igitur

731 1778 1007 1865 justitiae
1067 1798 1204 1846 esse
1250 1779 1553 1864 originem
1620 1792 1683 1841 et
1737 1775 1865 1841 vim
1919 1776 2344 1858 contendunt,
2408 1794 2575 1857 qnae

741 1896 938 1960 media
969 1896 1425 1978 quodammodo
1456 1893 1542 1959 sit
1579 1893 1883 1977 optimum
1916 1891 2076 1957 inter
2100 1908 2160 1956 et
2182 1892 2521 1974 pessimum
2540 1937 2568 1973 ,

743 2009 1242 2093 quandoquidem
1294 2007 1603 2093 optimum
1658 2022 1757 2074 est
1823 2008 2049 2076 inferre
2112 2005 2391 2092 iniuriam
2444 2023 2571 2071 nec

743 2126 884 2191 dare
922 2143 1151 2210 poenas
1171 2173 1195 2203 ,
1234 2123 1575 2210 pessimum
1616 2142 1767 2192 vero
1804 2125 1934 2208 pati
1963 2141 2074 2190 nec
2112 2140 2297 2207 posse
2320 2121 2572 2193 ulcisci.

739 2241 990 2328 Justum
1031 2260 1179 2326 ergo
1205 2289 1229 2324 ,
1291 2243 1516 2308 horum
1570 2240 1637 2308 in
1684 2241 1905 2308 medlo·
1943 2240 2394 2321 constitutum,
2446 2258 2573 2306 non

747 2358 933 2425 amari
968 2372 1272 2441 tamquam
1305 2356 1583 2438 bonum,
1621 2357 1773 2439 sed,
1813 2376 1891 2425 ex
1924 2356 2341 2424 imbecillitate
2367 2357 2446 2422 ad
2481 2356 2572 2421 in·

745 2474 964 2558 iuriam
1005 2473 1418 2556 inferendam,
1476 2472 1801 2541 honorari:
1878 2471 2181 2540 neminem
2212 2472 2411 2553 enim,
2465 2469 2574 2554 qni

750 2592 875 2657 hoc
907 2590 1140 2657 efficere
1176 2590 1379 2674 possit
1414 2606 1685 2671 vereque
1723 2587 1823 2653 vir
1860 2587 1984 2670 sit,
2041 2606 2184 2654 cum
2219 2588 2344 2652 elio
2377 2585 2576 2671 pacis·

677 2772 686 2775 -
749 2710 847 2790 ci,
866 2726 945 2774 ne
979 2710 1144 2773 ultro
1173 2708 1457 2790 citroque
1487 2704 1706 2791 injuria
1737 2701 2068 2772 inferatur:
2116 2688 2383 2771 insanire
2410 2700 2573 2769 enim

750 2825 963 2890 istum.
1027 2822 1197 2890 Haec
1224 2837 1362 2903 est,
1410 2840 1451 2888 o
1471 2822 1799 2905 Socrates,
1836 2834 2088 2887 naturae
2113 2820 2359 2904 iustitie
2390 2836 2575 2905 etque

752 2959 791 3006 e
827 2938 1056 3005 talibus
1096 2954 1230 3021 est,
1276 2952 1350 3007 nt
1382 2935 1639 3019 ferunt,
1684 2935 2029 3020 progenita.
2130 2936 2282 3005 Illos
2331 2953 2569 3022 eutem,

753 3052 865 3135 qui
911 3051 1211 3137 justitiam
1269 3067 1562 3133 servant,
1620 3050 1854 3149 invitos
1909 3049 1974 3117 id
2018 3069 2233 3136 egere,
2297 3071 2441 3120 cnm
2499 3073 2579 3121 ex

752 3168 1173 3236 imbecillitate
1214 3168 1495 3254 injuriam
1538 3166 1767 3235 inferre
1816 3183 2172 3252 nequeant,
2216 3168 2398 3251 plane
2443 3188 2581 3252 per-

755 3288 1127 3372 spiceremus
1150 3330 1174 3367 ,
1207 3286 1265 3351 si
1300 3287 1420 3353 tale
1460 3286 1612 3368 quid
1642 3285 1847 3352 animo
1886 3283 2295 3369 fingeremnst
2340 3286 2399 3352 si
2427 3286 2577 3354 utri-

758 3423 913 3486 que,
936 3418 1057 3469 tam
1078 3404 1289 3488 justo,
1329 3422 1509 3485 quam
1535 3404 1806 3489 injusto,
1841 3400 2150 3469 licentiam
2176 3402 2578 3486 largiremur,

669 3542 678 3547 ·
759 3521 1177 3604 quodcunque
1215 3518 1499 3601 luberet,
1537 3519 1793 3603 agendi,
1826 3532 1958 3584 tum
1987 3536 2155 3602 pone
2186 3535 2580 3600 sequeremur

757 3651 1146 3720 specuum,
1198 3655 1326 3719 quo
1361 3651 1597 3719 raperet
1632 3650 1967 3717 utrumque
2003 3633 2231 3700 libido:
2280 3635 2582 3702 invenire-

757 3771 900 3818 mus
959 3750 1245 3835 profecto
1267 3800 1293 3835 ,
1358 3754 1595 3838 justum
1660 3750 1949 3819 aviditate
1995 3750 2388 3835 compulsum
2413 3798 2440 3835 ,
2501 3752 2580 3818 ad

756 3868 960 3932 eadem
1022 3887 1136 3950 se,
1186 3885 1375 3951 atque
1438 3870 1734 3955 injustum
1761 3916 1787 3951 ,
1846 3866 2169 3936 conferret
2222 3867 2291 3934 id
2344 3868 2580 3935 scilicet

753 3998 967 4047 natura
1005 3982 1250 4066 omnis,
1292 4000 1363 4051 nt
1411 3985 1685 4068 bonum,
1726 3984 1995 4070 appetit3
2048 3987 2180 4070 lege
2216 4004 2365 4052 vero
2406 4005 2477 4053 ac
2515 3986 2581 4052 vi

751 4096 826 4179 gd
864 4099 1287 4183 aequalitatem
1330 4103 1686 4170 servandam
1730 4101 2002 4169 ducitur.
2087 4101 2228 4169 Erit
2264 4116 2467 4177 antem
2507 4102 2583 4168 li·

2445 4238 2585 4292 cene
