<?xml version="1.0" encoding="UTF-8"?>
<!DOCTYPE html PUBLIC "-//W3C//DTD XHTML 1.0 Transitional//EN"
    "http://www.w3.org/TR/xhtml1/DTD/xhtml1-transitional.dtd">
<html xmlns="http://www.w3.org/1999/xhtml" xml:lang="en" lang="en">
 <head>
  <title>
</title>
<meta http-equiv="Content-Type" content="text/html;charset=utf-8" />
  <meta name='ocr-system' content='tesseract 3.04.00' />
  <meta name='ocr-capabilities' content='ocr_page ocr_carea ocr_par ocr_line ocrx_word'/>
</head>
<body>
  <div class='ocr_page' id='page_1' title='image "./initiaphilosoph05heusgoog_0611.png"; bbox 0 0 2792 5167; ppageno 0'>
   <div class='ocr_carea' id='block_1_1' title="bbox 1426 349 1819 396">
    <p class='ocr_par' dir='ltr' id='par_1_1' title="bbox 1426 349 1819 396">
     <span class='ocr_line' id='line_1_1' title="bbox 1426 349 1819 396; baseline 0 -1"><span class='ocrx_word' id='word_1_1' title='bbox 1426 349 1819 396; x_wconf 72' lang='lat'>—210—</span> 
     </span>
    </p>
   </div>
   <div class='ocr_carea' id='block_1_2' title="bbox 707 513 2638 3897">
    <p class='ocr_par' dir='ltr' id='par_1_2' title="bbox 707 513 2572 845">
     <span class='ocr_line' id='line_1_2' title="bbox 710 513 2571 609; baseline 0.001 -23"><span class='ocrx_word' id='word_1_2' title='bbox 710 520 894 609; x_wconf 50' lang='lat' dir='ltr'><strong>nobis</strong></span> <span class='ocrx_word' id='word_1_3' title='bbox 931 514 1199 585; x_wconf 79' lang='lat' dir='ltr'><strong>confusa</strong></span> <span class='ocrx_word' id='word_1_4' title='bbox 1246 526 1704 599; x_wconf 75' lang='lat' dir='ltr'><strong>apparuerant,</strong></span> <span class='ocrx_word' id='word_1_5' title='bbox 1750 513 1897 579; x_wconf 79' lang='lat' dir='ltr'><strong>haec</strong></span> <span class='ocrx_word' id='word_1_6' title='bbox 1952 531 2072 581; x_wconf 88' lang='lat' dir='ltr'><strong>nos</strong></span> <span class='ocrx_word' id='word_1_7' title='bbox 2130 514 2571 601; x_wconf 74' lang='lat' dir='ltr'><strong>distinguendo</strong></span> 
     </span>
     <span class='ocr_line' id='line_1_3' title="bbox 707 630 2572 729; baseline 0.001 -27"><span class='ocrx_word' id='word_1_8' title='bbox 707 636 1255 729; x_wconf 62' lang='lat' dir='ltr'><strong>qtepdendoque,</strong></span> <span class='ocrx_word' id='word_1_9' title='bbox 1337 631 1550 717; x_wconf 88' lang='lat' dir='ltr'><strong>prouti</strong></span> <span class='ocrx_word' id='word_1_10' title='bbox 1622 630 1691 695; x_wconf 91' lang='lat' dir='ltr'><strong>in</strong></span> <span class='ocrx_word' id='word_1_11' title='bbox 1765 632 2141 715; x_wconf 81' lang='lat' dir='ltr'><strong>spectaculis</strong></span> <span class='ocrx_word' id='word_1_12' title='bbox 2227 638 2572 718; x_wconf 81' lang='lat' dir='ltr'><strong>spectandis</strong></span> 
     </span>
     <span class='ocr_line' id='line_1_4' title="bbox 707 747 2398 845; baseline -0.005 -19"><span class='ocrx_word' id='word_1_13' title='bbox 707 755 1048 845; x_wconf 66' lang='lat' dir='ltr'><strong>procedere</strong></span> <span class='ocrx_word' id='word_1_14' title='bbox 1093 752 1372 819; x_wconf 79' lang='lat' dir='ltr'><strong>solemus</strong></span> <span class='ocrx_word' id='word_1_15' title='bbox 1396 794 1422 830; x_wconf 90' lang='lat'><strong>,</strong></span> <span class='ocrx_word' id='word_1_16' title='bbox 1464 747 1781 815; x_wconf 84' lang='lat' dir='ltr'><strong>nobismet</strong></span> <span class='ocrx_word' id='word_1_17' title='bbox 1821 747 1945 829; x_wconf 90' lang='lat' dir='ltr'><strong>ipsi</strong></span> <span class='ocrx_word' id='word_1_18' title='bbox 1986 748 2398 831; x_wconf 76' lang='lat' dir='ltr'><strong>explicemus.</strong></span> 
     </span>
    </p>

    <p class='ocr_par' dir='ltr' id='par_1_3' title="bbox 713 863 2638 3897">
     <span class='ocr_line' id='line_1_5' title="bbox 741 863 2586 961; baseline -0.001 -25"><span class='ocrx_word' id='word_1_19' title='bbox 741 956 752 961; x_wconf 38' lang='grc'>-</span> <span class='ocrx_word' id='word_1_20' title='bbox 799 868 1196 961; x_wconf 67' lang='grc' dir='ltr'><strong>Λωῃγιὶεεω</strong></span> <span class='ocrx_word' id='word_1_21' title='bbox 1266 867 1424 933; x_wconf 85' lang='lat' dir='ltr'><strong>hanc</strong></span> <span class='ocrx_word' id='word_1_22' title='bbox 1480 882 1622 933; x_wconf 66' lang='lat' dir='ltr'><strong>esse</strong></span> <span class='ocrx_word' id='word_1_23' title='bbox 1676 863 1944 930; x_wconf 81' lang='lat' dir='ltr'><strong>diximus</strong></span> <span class='ocrx_word' id='word_1_24' title='bbox 2015 868 2372 949; x_wconf 84' lang='lat' dir='ltr'><strong>exponendi</strong></span> <span class='ocrx_word' id='word_1_25' title='bbox 2431 868 2586 934; x_wconf 88' lang='lat' dir='ltr'><strong>scri·</strong></span> 
     </span>
     <span class='ocr_line' id='line_1_6' title="bbox 716 981 2591 1077; baseline -0.003 -20"><span class='ocrx_word' id='word_1_26' title='bbox 716 988 1040 1077; x_wconf 62' lang='lat' dir='ltr'><strong>bendique</strong></span> <span class='ocrx_word' id='word_1_27' title='bbox 1087 984 1413 1053; x_wconf 82' lang='lat' dir='ltr'><strong>rationem.</strong></span> <span class='ocrx_word' id='word_1_28' title='bbox 1499 981 1667 1049; x_wconf 87' lang='lat' dir='ltr'><strong>Nam</strong></span> <span class='ocrx_word' id='word_1_29' title='bbox 1726 982 1981 1066; x_wconf 85' lang='lat' dir='ltr'><strong>propria</strong></span> <span class='ocrx_word' id='word_1_30' title='bbox 2029 981 2243 1049; x_wconf 89' lang='lat' dir='ltr'><strong>eadem</strong></span> <span class='ocrx_word' id='word_1_31' title='bbox 2305 998 2404 1051; x_wconf 89' lang='lat' dir='ltr'><strong>est</strong></span> <span class='ocrx_word' id='word_1_32' title='bbox 2457 986 2591 1051; x_wconf 88' lang='lat' dir='ltr'><strong>dia·</strong></span> 
     </span>
     <span class='ocr_line' id='line_1_7' title="bbox 719 1098 2593 1197; baseline -0.002 -24"><span class='ocrx_word' id='word_1_33' title='bbox 719 1105 975 1197; x_wconf 57' lang='lat' dir='ltr'><strong>lecticae</strong></span> <span class='ocrx_word' id='word_1_34' title='bbox 1010 1102 1392 1173; x_wconf 76' lang='lat' dir='ltr'><strong>Platonicae.</strong></span> <span class='ocrx_word' id='word_1_35' title='bbox 1478 1098 1775 1185; x_wconf 80' lang='lat' dir='ltr'><strong>Analysis</strong></span> <span class='ocrx_word' id='word_1_36' title='bbox 1814 1099 1984 1181; x_wconf 86' lang='lat' dir='ltr'><strong>apud</strong></span> <span class='ocrx_word' id='word_1_37' title='bbox 2024 1110 2165 1165; x_wconf 87' lang='lat' dir='ltr'><strong>eum</strong></span> <span class='ocrx_word' id='word_1_38' title='bbox 2189 1146 2215 1181; x_wconf 95' lang='lat'><strong>,</strong></span> <span class='ocrx_word' id='word_1_39' title='bbox 2258 1117 2330 1166; x_wconf 83' lang='lat' dir='ltr'><strong>ut</strong></span> <span class='ocrx_word' id='word_1_40' title='bbox 2369 1101 2434 1167; x_wconf 93' lang='lat' dir='ltr'><strong>in</strong></span> <span class='ocrx_word' id='word_1_41' title='bbox 2474 1103 2593 1169; x_wconf 87' lang='lat' dir='ltr'><strong>So-</strong></span> 
     </span>
     <span class='ocr_line' id='line_1_8' title="bbox 713 1215 2599 1321; baseline -0.003 -30"><span class='ocrx_word' id='word_1_42' title='bbox 713 1226 928 1321; x_wconf 56' lang='lat' dir='ltr'><strong>glq‘qta</strong></span> <span class='ocrx_word' id='word_1_43' title='bbox 998 1234 1066 1289; x_wconf 85' lang='lat' dir='ltr'><strong>et</strong></span> <span class='ocrx_word' id='word_1_44' title='bbox 1127 1219 1394 1285; x_wconf 73' lang='lat' dir='ltr'><strong>Politice</strong></span> <span class='ocrx_word' id='word_1_45' title='bbox 1461 1216 1732 1283; x_wconf 84' lang='lat' dir='ltr'><strong>vidimus</strong></span> <span class='ocrx_word' id='word_1_46' title='bbox 1755 1263 1779 1298; x_wconf 96' lang='lat'><strong>,</strong></span> <span class='ocrx_word' id='word_1_47' title='bbox 1884 1215 1947 1281; x_wconf 90' lang='lat' dir='ltr'><strong>in</strong></span> <span class='ocrx_word' id='word_1_48' title='bbox 2012 1216 2244 1284; x_wconf 87' lang='lat' dir='ltr'><strong>medias</strong></span> <span class='ocrx_word' id='word_1_49' title='bbox 2311 1236 2431 1284; x_wconf 88' lang='lat' dir='ltr'><strong>nos</strong></span> <span class='ocrx_word' id='word_1_50' title='bbox 2483 1224 2599 1286; x_wconf 85' lang='lat' dir='ltr'><strong>res&#39;</strong></span> 
     </span>
     <span class='ocr_line' id='line_1_9' title="bbox 720 1332 2591 1433; baseline -0.003 -26"><span class='ocrx_word' id='word_1_51' title='bbox 720 1338 936 1433; x_wconf 44' lang='lat' dir='ltr'><strong>uincit</strong></span> <span class='ocrx_word' id='word_1_52' title='bbox 986 1335 1321 1407; x_wconf 89' lang='lat' dir='ltr'><strong>continuo.</strong></span> <span class='ocrx_word' id='word_1_53' title='bbox 1408 1333 1561 1420; x_wconf 91' lang='lat' dir='ltr'><strong>Quo</strong></span> <span class='ocrx_word' id='word_1_54' title='bbox 1615 1332 1857 1416; x_wconf 78' lang='lat' dir='ltr'><strong>plenius</strong></span> <span class='ocrx_word' id='word_1_55' title='bbox 1905 1334 2239 1415; x_wconf 79' lang='lat' dir='ltr'><strong>explicaret</strong></span> <span class='ocrx_word' id='word_1_56' title='bbox 2281 1336 2538 1402; x_wconf 79' lang='lat' dir='ltr'><strong>Eleates</strong></span> <span class='ocrx_word' id='word_1_57' title='bbox 2563 1385 2591 1418; x_wconf 90' lang='lat'><strong>,</strong></span> 
     </span>
     <span class='ocr_line' id='line_1_10' title="bbox 725 1450 2593 1551; baseline -0.003 -26"><span class='ocrx_word' id='word_1_58' title='bbox 725 1458 886 1551; x_wconf 65' lang='lat' dir='ltr'><strong>quid</strong></span> <span class='ocrx_word' id='word_1_59' title='bbox 937 1453 1330 1543; x_wconf 82' lang='lat' dir='ltr'><strong>sophistica,</strong></span> <span class='ocrx_word' id='word_1_60' title='bbox 1394 1451 1547 1534; x_wconf 87' lang='lat' dir='ltr'><strong>quid</strong></span> <span class='ocrx_word' id='word_1_61' title='bbox 1600 1450 1860 1534; x_wconf 85' lang='lat' dir='ltr'><strong>politica</strong></span> <span class='ocrx_word' id='word_1_62' title='bbox 1908 1464 2111 1530; x_wconf 88' lang='lat' dir='ltr'><strong>esset,</strong></span> <span class='ocrx_word' id='word_1_63' title='bbox 2171 1466 2335 1517; x_wconf 83' lang='lat' dir='ltr'><strong>artes</strong></span> <span class='ocrx_word' id='word_1_64' title='bbox 2396 1454 2593 1520; x_wconf 81' lang='lat' dir='ltr'><strong>nobis</strong></span> 
     </span>
     <span class='ocr_line' id='line_1_11' title="bbox 731 1568 2597 1665; baseline -0.004 -20"><span class='ocrx_word' id='word_1_65' title='bbox 731 1576 1002 1665; x_wconf 58' lang='lat' dir='ltr'><strong>primum</strong></span> <span class='ocrx_word' id='word_1_66' title='bbox 1053 1588 1119 1645; x_wconf 87' lang='lat' dir='ltr'><strong>et</strong></span> <span class='ocrx_word' id='word_1_67' title='bbox 1172 1570 1488 1641; x_wconf 78' lang='lat' dir='ltr'><strong>doctrinas</strong></span> <span class='ocrx_word' id='word_1_68' title='bbox 1538 1568 1855 1634; x_wconf 84' lang='lat' dir='ltr'><strong>universas</strong></span> <span class='ocrx_word' id='word_1_69' title='bbox 1907 1569 2285 1653; x_wconf 86' lang='lat' dir='ltr'><strong>proposuit,</strong></span> <span class='ocrx_word' id='word_1_70' title='bbox 2330 1586 2403 1636; x_wconf 90' lang='lat' dir='ltr'><strong>ut</strong></span> <span class='ocrx_word' id='word_1_71' title='bbox 2450 1592 2597 1638; x_wconf 89' lang='lat' dir='ltr'><strong>curn</strong></span> 
     </span>
     <span class='ocr_line' id='line_1_12' title="bbox 731 1686 2599 1783; baseline -0.003 -23"><span class='ocrx_word' id='word_1_72' title='bbox 731 1695 877 1783; x_wconf 73' lang='lat' dir='ltr'><strong>ipso</strong></span> <span class='ocrx_word' id='word_1_73' title='bbox 923 1711 1028 1759; x_wconf 81' lang='lat' dir='ltr'><strong>eas</strong></span> <span class='ocrx_word' id='word_1_74' title='bbox 1088 1690 1384 1772; x_wconf 84' lang='lat' dir='ltr'><strong>deinceps</strong></span> <span class='ocrx_word' id='word_1_75' title='bbox 1439 1687 1589 1753; x_wconf 87' lang='lat' dir='ltr'><strong>alias</strong></span> <span class='ocrx_word' id='word_1_76' title='bbox 1636 1686 1717 1751; x_wconf 85' lang='lat' dir='ltr'><strong>ab</strong></span> <span class='ocrx_word' id='word_1_77' title='bbox 1773 1686 1910 1753; x_wconf 85' lang='lat' dir='ltr'><strong>aliis</strong></span> <span class='ocrx_word' id='word_1_78' title='bbox 1963 1705 2352 1759; x_wconf 83' lang='lat' dir='ltr'><strong>cerneremus</strong></span> <span class='ocrx_word' id='word_1_79' title='bbox 2378 1736 2403 1770; x_wconf 93' lang='lat'><strong>,</strong></span> <span class='ocrx_word' id='word_1_80' title='bbox 2461 1706 2599 1755; x_wconf 88' lang='lat' dir='ltr'><strong>cer-</strong></span> 
     </span>
     <span class='ocr_line' id='line_1_13' title="bbox 730 1803 2600 1901; baseline -0.001 -25"><span class='ocrx_word' id='word_1_81' title='bbox 730 1810 1070 1901; x_wconf 78' lang='lat' dir='ltr'><strong>nendoque</strong></span> <span class='ocrx_word' id='word_1_82' title='bbox 1126 1805 1527 1883; x_wconf 80' lang='lat' dir='ltr'><strong>continenter</strong></span> <span class='ocrx_word' id='word_1_83' title='bbox 1586 1803 2063 1889; x_wconf 66' lang='lat' dir='ltr'><strong>progredientes</strong></span> <span class='ocrx_word' id='word_1_84' title='bbox 2083 1852 2109 1885; x_wconf 94' lang='lat'>‚</span> <span class='ocrx_word' id='word_1_85' title='bbox 2188 1806 2600 1891; x_wconf 81' lang='lat' dir='ltr'><strong>sophisticam</strong></span> 
     </span>
     <span class='ocr_line' id='line_1_14' title="bbox 731 1920 2597 2019; baseline 0.001 -28"><span class='ocrx_word' id='word_1_86' title='bbox 731 1927 988 2019; x_wconf 49' lang='lat' dir='ltr'><strong>nudem</strong></span> <span class='ocrx_word' id='word_1_87' title='bbox 1019 1924 1303 2005; x_wconf 83' lang='lat' dir='ltr'><strong>itemque</strong></span> <span class='ocrx_word' id='word_1_88' title='bbox 1344 1920 1665 2005; x_wconf 87' lang='lat' dir='ltr'><strong>politicam</strong></span> <span class='ocrx_word' id='word_1_89' title='bbox 1716 1940 1863 2005; x_wconf 74' lang='lat' dir='ltr'><strong>cum</strong></span> <span class='ocrx_word' id='word_1_90' title='bbox 1912 1942 2415 2008; x_wconf 78' lang='lat' dir='ltr'><strong>assequeremur,</strong></span> <span class='ocrx_word' id='word_1_91' title='bbox 2461 1942 2597 1994; x_wconf 87' lang='lat' dir='ltr'><strong>tum</strong></span> 
     </span>
     <span class='ocr_line' id='line_1_15' title="bbox 735 2034 2603 2135; baseline 0.001 -25"><span class='ocrx_word' id='word_1_92' title='bbox 735 2043 941 2135; x_wconf 58' lang='lat' dir='ltr'><strong>«palis</strong></span> <span class='ocrx_word' id='word_1_93' title='bbox 991 2034 1266 2123; x_wconf 83' lang='lat' dir='ltr'><strong>utra&#39;que</strong></span> <span class='ocrx_word' id='word_1_94' title='bbox 1311 2051 1479 2107; x_wconf 70' lang='lat' dir='ltr'><strong>esset</strong></span> <span class='ocrx_word' id='word_1_95' title='bbox 1517 2055 2079 2123; x_wconf 85' lang='lat' dir='ltr'><strong>cognosceremus.</strong></span> <span class='ocrx_word' id='word_1_96' title='bbox 2159 2041 2309 2108; x_wconf 86' lang='lat' dir='ltr'><strong>Non</strong></span> <span class='ocrx_word' id='word_1_97' title='bbox 2347 2041 2603 2111; x_wconf 81' lang='lat' dir='ltr'><strong>diversa</strong></span> 
     </span>
     <span class='ocr_line' id='line_1_16' title="bbox 737 2155 2612 2245; baseline -0.002 -15"><span class='ocrx_word' id='word_1_98' title='bbox 737 2162 815 2245; x_wconf 65' lang='lat' dir='ltr'><strong>ah</strong></span> <span class='ocrx_word' id='word_1_99' title='bbox 875 2161 991 2229; x_wconf 68' lang='lat' dir='ltr'><strong>hnc</strong></span> <span class='ocrx_word' id='word_1_100' title='bbox 1047 2156 1326 2227; x_wconf 85' lang='lat' dir='ltr'><strong>Platonis</strong></span> <span class='ocrx_word' id='word_1_101' title='bbox 1386 2155 1686 2225; x_wconf 87' lang='lat' dir='ltr'><strong>methodo</strong></span> <span class='ocrx_word' id='word_1_102' title='bbox 1739 2157 1898 2224; x_wconf 86' lang='lat' dir='ltr'><strong>ratio</strong></span> <span class='ocrx_word' id='word_1_103' title='bbox 1952 2172 2097 2239; x_wconf 90' lang='lat' dir='ltr'><strong>est,</strong></span> <span class='ocrx_word' id='word_1_104' title='bbox 2144 2179 2327 2241; x_wconf 84' lang='lat' dir='ltr'><strong>quam</strong></span> <span class='ocrx_word' id='word_1_105' title='bbox 2371 2159 2435 2225; x_wconf 91' lang='lat' dir='ltr'><strong>in</strong></span> <span class='ocrx_word' id='word_1_106' title='bbox 2470 2180 2612 2227; x_wconf 87' lang='lat' dir='ltr'><strong>nar·</strong></span> 
     </span>
     <span class='ocr_line' id='line_1_17' title="bbox 741 2273 2615 2371; baseline 0.001 -29"><span class='ocrx_word' id='word_1_107' title='bbox 741 2278 952 2351; x_wconf 74' lang='lat' dir='ltr'><strong>undis</strong></span> <span class='ocrx_word' id='word_1_108' title='bbox 1008 2273 1529 2371; x_wconf 77' lang='lat' dir='ltr'><strong>exponendisque</strong></span> <span class='ocrx_word' id='word_1_109' title='bbox 1582 2273 1843 2338; x_wconf 90' lang='lat' dir='ltr'><strong>heroum</strong></span> <span class='ocrx_word' id='word_1_110' title='bbox 1890 2274 2078 2340; x_wconf 89' lang='lat' dir='ltr'><strong>rebus</strong></span> <span class='ocrx_word' id='word_1_111' title='bbox 2122 2275 2319 2359; x_wconf 83' lang='lat' dir='ltr'><strong>gestis</strong></span> <span class='ocrx_word' id='word_1_112' title='bbox 2373 2277 2615 2344; x_wconf 84' lang='lat' dir='ltr'><strong>Home-</strong></span> 
     </span>
     <span class='ocr_line' id='line_1_18' title="bbox 743 2389 2620 2476; baseline 0 -16"><span class='ocrx_word' id='word_1_113' title='bbox 743 2415 853 2463; x_wconf 86' lang='lat' dir='ltr'><strong>rus</strong></span> <span class='ocrx_word' id='word_1_114' title='bbox 906 2410 1006 2462; x_wconf 70' lang='grc' dir='ltr'><strong>εει</strong></span> <span class='ocrx_word' id='word_1_115' title='bbox 1053 2406 1357 2463; x_wconf 78' lang='lat' dir='ltr'><strong>secutus:</strong></span> <span class='ocrx_word' id='word_1_116' title='bbox 1449 2405 1708 2473; x_wconf 67' lang='lat' dir='ltr'><strong>utraque</strong></span> <span class='ocrx_word' id='word_1_117' title='bbox 1758 2389 2177 2455; x_wconf 88' lang='lat' dir='ltr'><strong>discernendis</strong></span> <span class='ocrx_word' id='word_1_118' title='bbox 2234 2390 2358 2472; x_wconf 89' lang='lat' dir='ltr'><strong>iis,</strong></span> <span class='ocrx_word' id='word_1_119' title='bbox 2446 2415 2620 2476; x_wconf 88' lang='lat' dir='ltr'><strong>quae</strong></span> 
     </span>
     <span class='ocr_line' id='line_1_19' title="bbox 743 2505 2624 2601; baseline -0.001 -21"><span class='ocrx_word' id='word_1_120' title='bbox 743 2513 1021 2601; x_wconf 88' lang='lat' dir='ltr'><strong>primum</strong></span> <span class='ocrx_word' id='word_1_121' title='bbox 1088 2507 1338 2577; x_wconf 86' lang='lat' dir='ltr'><strong>fuerant</strong></span> <span class='ocrx_word' id='word_1_122' title='bbox 1390 2505 1701 2589; x_wconf 87' lang='lat' dir='ltr'><strong>confusa,</strong></span> <span class='ocrx_word' id='word_1_123' title='bbox 1742 2506 2067 2593; x_wconf 86' lang='lat' dir='ltr'><strong>procedit,</strong></span> <span class='ocrx_word' id='word_1_124' title='bbox 2109 2521 2173 2575; x_wconf 86' lang='lat' dir='ltr'><strong>et</strong></span> <span class='ocrx_word' id='word_1_125' title='bbox 2219 2507 2436 2577; x_wconf 85' lang='lat' dir='ltr'><strong>similis</strong></span> <span class='ocrx_word' id='word_1_126' title='bbox 2481 2517 2624 2595; x_wconf 85' lang='lat' dir='ltr'><strong>pla-</strong></span> 
     </span>
     <span class='ocr_line' id='line_1_20' title="bbox 746 2600 2624 2711; baseline 0 -12"><span class='ocrx_word' id='word_1_127' title='bbox 746 2600 832 2699; x_wconf 76' lang='lat' dir='ltr'><strong>ne</strong></span> <span class='ocrx_word' id='word_1_128' title='bbox 893 2628 1225 2711; x_wconf 88' lang='lat' dir='ltr'><strong>utriusque</strong></span> <span class='ocrx_word' id='word_1_129' title='bbox 1285 2623 1550 2693; x_wconf 85' lang='lat' dir='ltr'><strong>effectus</strong></span> <span class='ocrx_word' id='word_1_130' title='bbox 1608 2638 1739 2692; x_wconf 83' lang='lat' dir='ltr'><strong>est.</strong></span> <span class='ocrx_word' id='word_1_131' title='bbox 1867 2624 2031 2691; x_wconf 89' lang='lat' dir='ltr'><strong>Nam</strong></span> <span class='ocrx_word' id='word_1_132' title='bbox 2108 2625 2203 2691; x_wconf 90' lang='lat' dir='ltr'><strong>uti</strong></span> <span class='ocrx_word' id='word_1_133' title='bbox 2258 2627 2435 2694; x_wconf 86' lang='lat' dir='ltr'><strong>Plato</strong></span> <span class='ocrx_word' id='word_1_134' title='bbox 2505 2632 2624 2699; x_wconf 87' lang='lat' dir='ltr'><strong>hac</strong></span> 
     </span>
     <span class='ocr_line' id='line_1_21' title="bbox 750 2720 2625 2835; baseline -0.002 -18"><span class='ocrx_word' id='word_1_135' title='bbox 750 2720 1176 2835; x_wconf 76' lang='lat' dir='ltr'><strong>distinguendi</strong></span> <span class='ocrx_word' id='word_1_136' title='bbox 1225 2741 1548 2829; x_wconf 73' lang='lat' dir='ltr'><strong>diligentia</strong></span> <span class='ocrx_word' id='word_1_137' title='bbox 1618 2740 1864 2810; x_wconf 87' lang='lat' dir='ltr'><strong>efficere</strong></span> <span class='ocrx_word' id='word_1_138' title='bbox 1919 2743 2165 2810; x_wconf 86' lang='lat' dir='ltr'><strong>tandem</strong></span> <span class='ocrx_word' id='word_1_139' title='bbox 2221 2745 2472 2826; x_wconf 86' lang='lat' dir='ltr'><strong>studet,</strong></span> <span class='ocrx_word' id='word_1_140' title='bbox 2546 2763 2625 2814; x_wconf 92' lang='lat' dir='ltr'><strong>ut</strong></span> 
     </span>
     <span class='ocr_line' id='line_1_22' title="bbox 751 2848 2629 2949; baseline -0.002 -16"><span class='ocrx_word' id='word_1_141' title='bbox 751 2863 926 2935; x_wconf 79' lang='lat' dir='ltr'><strong>notis</strong></span> <span class='ocrx_word' id='word_1_142' title='bbox 975 2861 1348 2945; x_wconf 81' lang='lat' dir='ltr'><strong>quibusdam</strong></span> <span class='ocrx_word' id='word_1_143' title='bbox 1409 2858 1598 2927; x_wconf 88' lang='lat' dir='ltr'><strong>certis</strong></span> <span class='ocrx_word' id='word_1_144' title='bbox 1634 2878 1672 2925; x_wconf 90' lang='lat' dir='ltr'><strong>a</strong></span> <span class='ocrx_word' id='word_1_145' title='bbox 1707 2848 1966 2927; x_wconf 72' lang='lat' dir='ltr'><strong>caeseris</strong></span> <span class='ocrx_word' id='word_1_146' title='bbox 2030 2859 2323 2928; x_wconf 88' lang='lat' dir='ltr'><strong>omnibus</strong></span> <span class='ocrx_word' id='word_1_147' title='bbox 2370 2866 2629 2949; x_wconf 72' lang='lat' dir='ltr'><strong>sophis·</strong></span> 
     </span>
     <span class='ocr_line' id='line_1_23' title="bbox 749 2975 2631 3062; baseline 0.003 -18"><span class='ocrx_word' id='word_1_148' title='bbox 749 2993 878 3049; x_wconf 82' lang='lat' dir='ltr'><strong>tam</strong></span> <span class='ocrx_word' id='word_1_149' title='bbox 931 2992 996 3044; x_wconf 88' lang='lat' dir='ltr'><strong>et</strong></span> <span class='ocrx_word' id='word_1_150' title='bbox 1045 2976 1375 3061; x_wconf 88' lang='lat' dir='ltr'><strong>politicum</strong></span> <span class='ocrx_word' id='word_1_151' title='bbox 1438 2975 1863 3042; x_wconf 85' lang='lat' dir='ltr'><strong>discernamus</strong></span> <span class='ocrx_word' id='word_1_152' title='bbox 1888 3021 1912 3056; x_wconf 93' lang='lat'><strong>,</strong></span> <span class='ocrx_word' id='word_1_153' title='bbox 1974 2977 2060 3044; x_wconf 86' lang='lat' dir='ltr'><strong>ita</strong></span> <span class='ocrx_word' id='word_1_154' title='bbox 2121 2979 2381 3062; x_wconf 77' lang='lat' dir='ltr'><strong>legenda</strong></span> <span class='ocrx_word' id='word_1_155' title='bbox 2433 2981 2631 3050; x_wconf 82' lang='lat' dir='ltr'><strong>Iliade</strong></span> 
     </span>
     <span class='ocr_line' id='line_1_24' title="bbox 759 3081 2633 3180; baseline -0.001 -16"><span class='ocrx_word' id='word_1_156' title='bbox 759 3110 1009 3167; x_wconf 84' lang='lat' dir='ltr'><strong>nosmet</strong></span> <span class='ocrx_word' id='word_1_157' title='bbox 1069 3093 1190 3180; x_wconf 87' lang='lat' dir='ltr'><strong>ipsi</strong></span> <span class='ocrx_word' id='word_1_158' title='bbox 1248 3105 1481 3176; x_wconf 88' lang='lat' dir='ltr'><strong>sponte</strong></span> <span class='ocrx_word' id='word_1_159' title='bbox 1531 3093 1752 3158; x_wconf 73' lang='lat' dir='ltr'><strong>nostra</strong></span> <span class='ocrx_word' id='word_1_160' title='bbox 1811 3109 1955 3158; x_wconf 90' lang='lat' dir='ltr'><strong>cum</strong></span> <span class='ocrx_word' id='word_1_161' title='bbox 2013 3081 2294 3160; x_wconf 38' lang='lat' dir='ltr'><strong>aliorum*</strong></span> <span class='ocrx_word' id='word_1_162' title='bbox 2345 3096 2633 3177; x_wconf 69' lang='lat' dir='ltr'><strong>Graeco-</strong></span> 
     </span>
     <span class='ocr_line' id='line_1_25' title="bbox 759 3208 2630 3298; baseline 0.001 -16"><span class='ocrx_word' id='word_1_163' title='bbox 759 3232 898 3281; x_wconf 89' lang='lat' dir='ltr'><strong>rum</strong></span> <span class='ocrx_word' id='word_1_164' title='bbox 963 3212 1553 3298; x_wconf 85' lang='lat' dir='ltr'><strong>Trojanorumque,</strong></span> <span class='ocrx_word' id='word_1_165' title='bbox 1635 3221 1770 3275; x_wconf 91' lang='lat' dir='ltr'><strong>tum</strong></span> <span class='ocrx_word' id='word_1_166' title='bbox 1831 3208 2097 3273; x_wconf 86' lang='lat' dir='ltr'><strong>Achillis</strong></span> <span class='ocrx_word' id='word_1_167' title='bbox 2153 3224 2217 3275; x_wconf 91' lang='lat' dir='ltr'><strong>et</strong></span> <span class='ocrx_word' id='word_1_168' title='bbox 2271 3210 2630 3298; x_wconf 80' lang='lat' dir='ltr'><strong>Hectoris,</strong></span> 
     </span>
     <span class='ocr_line' id='line_1_26' title="bbox 763 3325 2633 3420; baseline -0.009 -18"><span class='ocrx_word' id='word_1_169' title='bbox 763 3330 1253 3420; x_wconf 87' lang='lat' dir='ltr'><strong>praesertimque</strong></span> <span class='ocrx_word' id='word_1_170' title='bbox 1343 3325 1613 3411; x_wconf 77' lang='lat' dir='ltr'><strong>Achillis</strong></span> <span class='ocrx_word' id='word_1_171' title='bbox 1693 3325 2253 3395; x_wconf 66' lang='lat' dir='ltr'><strong>characterismon»</strong></span> <span class='ocrx_word' id='word_1_172' title='bbox 2345 3335 2633 3418; x_wconf 78' lang='lat' dir='ltr'><strong>concipi.</strong></span> 
     </span>
     <span class='ocr_line' id='line_1_27' title="bbox 768 3441 2632 3533; baseline 0 -14"><span class='ocrx_word' id='word_1_173' title='bbox 768 3470 937 3519; x_wconf 81' lang='lat' dir='ltr'><strong>mus.</strong></span> <span class='ocrx_word' id='word_1_174' title='bbox 1023 3448 1145 3516; x_wconf 88' lang='lat' dir='ltr'><strong>Sed</strong></span> <span class='ocrx_word' id='word_1_175' title='bbox 1207 3446 1386 3529; x_wconf 89' lang='lat' dir='ltr'><strong>quod</strong></span> <span class='ocrx_word' id='word_1_176' title='bbox 1436 3442 1512 3511; x_wconf 81' lang='lat' dir='ltr'><strong>de</strong></span> <span class='ocrx_word' id='word_1_177' title='bbox 1570 3441 1891 3509; x_wconf 77' lang='lat' dir='ltr'><strong>industria</strong></span> <span class='ocrx_word' id='word_1_178' title='bbox 1955 3443 2083 3527; x_wconf 88' lang='lat' dir='ltr'><strong>egit</strong></span> <span class='ocrx_word' id='word_1_179' title='bbox 2133 3445 2313 3513; x_wconf 88' lang='lat' dir='ltr'><strong>Plato</strong></span> <span class='ocrx_word' id='word_1_180' title='bbox 2334 3495 2359 3529; x_wconf 92' lang='lat'>‚</span> <span class='ocrx_word' id='word_1_181' title='bbox 2436 3470 2632 3533; x_wconf 88' lang='lat' dir='ltr'><strong>quum</strong></span> 
     </span>
     <span class='ocr_line' id='line_1_28' title="bbox 772 3560 2637 3653; baseline -0.002 -15"><span class='ocrx_word' id='word_1_182' title='bbox 772 3572 838 3638; x_wconf 89' lang='lat' dir='ltr'><strong>in</strong></span> <span class='ocrx_word' id='word_1_183' title='bbox 880 3566 1180 3653; x_wconf 86' lang='lat' dir='ltr'><strong>Sophista</strong></span> <span class='ocrx_word' id='word_1_184' title='bbox 1231 3579 1298 3631; x_wconf 92' lang='lat' dir='ltr'><strong>et</strong></span> <span class='ocrx_word' id='word_1_185' title='bbox 1348 3561 1616 3631; x_wconf 89' lang='lat' dir='ltr'><strong>Politico</strong></span> <span class='ocrx_word' id='word_1_186' title='bbox 1674 3560 1873 3645; x_wconf 86' lang='lat' dir='ltr'><strong>ipsam</strong></span> <span class='ocrx_word' id='word_1_187' title='bbox 1931 3563 2237 3647; x_wconf 84' lang='lat' dir='ltr'><strong>exemplis</strong></span> <span class='ocrx_word' id='word_1_188' title='bbox 2302 3568 2637 3650; x_wconf 82' lang='lat' dir='ltr'><strong>explicaret</strong></span> 
     </span>
     <span class='ocr_line' id='line_1_29' title="bbox 769 3678 2638 3779; baseline -0.007 -27"><span class='ocrx_word' id='word_1_189' title='bbox 769 3686 1138 3770; x_wconf 84' lang='lat' dir='ltr'><strong>analyticam</strong></span> <span class='ocrx_word' id='word_1_190' title='bbox 1178 3696 1370 3751; x_wconf 87' lang='lat' dir='ltr'><strong>artem</strong></span> <span class='ocrx_word' id='word_1_191' title='bbox 1392 3726 1419 3764; x_wconf 93' lang='lat'><strong>,</strong></span> <span class='ocrx_word' id='word_1_192' title='bbox 1469 3679 1538 3747; x_wconf 93' lang='lat' dir='ltr'><strong>id</strong></span> <span class='ocrx_word' id='word_1_193' title='bbox 1590 3679 1773 3765; x_wconf 87' lang='lat' dir='ltr'><strong>plane</strong></span> <span class='ocrx_word' id='word_1_194' title='bbox 1795 3722 1829 3779; x_wconf 22' lang='grc' dir='ltr'><strong>,Β</strong></span> <span class='ocrx_word' id='word_1_195' title='bbox 1864 3690 1940 3747; x_wconf 89' lang='lat' dir='ltr'><strong>ut</strong></span> <span class='ocrx_word' id='word_1_196' title='bbox 1986 3678 2307 3765; x_wconf 79' lang='lat' dir='ltr'><strong>Homerus</strong></span> <span class='ocrx_word' id='word_1_197' title='bbox 2366 3696 2427 3773; x_wconf 72' lang='lat' dir='ltr'><strong>et</strong></span> <span class='ocrx_word' id='word_1_198' title='bbox 2473 3681 2638 3771; x_wconf 62' lang='lat' dir='ltr'><strong>Trg.</strong></span> 
     </span>
     <span class='ocr_line' id='line_1_30' title="bbox 745 3795 1942 3897; baseline 0 -33"><span class='ocrx_word' id='word_1_199' title='bbox 745 3800 895 3897; x_wconf 29' lang='lat' dir='ltr'><strong>‘gici</strong></span> <span class='ocrx_word' id='word_1_200' title='bbox 915 3846 940 3881; x_wconf 91' lang='lat'>‚</span> <span class='ocrx_word' id='word_1_201' title='bbox 983 3810 1194 3890; x_wconf 69' lang='lat' dir='ltr'><strong>sponte</strong></span> <span class='ocrx_word' id='word_1_202' title='bbox 1232 3796 1445 3869; x_wconf 85' lang='lat' dir='ltr'><strong>effecit</strong></span> <span class='ocrx_word' id='word_1_203' title='bbox 1486 3795 1739 3885; x_wconf 78' lang='lat' dir='ltr'><strong>scriptis</strong></span> <span class='ocrx_word' id='word_1_204' title='bbox 1782 3796 1942 3867; x_wconf 88' lang='lat' dir='ltr'><strong>suis.</strong></span> 
     </span>
    </p>
   </div>
   <div class='ocr_carea' id='block_1_3' title="bbox 2486 4034 2673 4115">
    <p class='ocr_par' dir='ltr' id='par_1_4' title="bbox 2486 4034 2673 4115">
     <span class='ocr_line' id='line_1_31' title="bbox 2486 4034 2673 4115; baseline -0.005 1"><span class='ocrx_word' id='word_1_205' title='bbox 2486 4034 2641 4102; x_wconf 77' lang='lat' dir='ltr'><strong>con-</strong></span> <span class='ocrx_word' id='word_1_206' title='bbox 2668 4111 2673 4115; x_wconf 76' lang='grc'>,</span> 
     </span>
    </p>
   </div>
  </div>
 </body>
</html>
