2792 5167
1429 461 1819 525 ...182-

690 640 1018 709 secundum
1051 658 1267 729 corpus
1301 653 1358 703 et
1402 636 1725 705 seeundum
1782 639 2144 704 animum.”
2184 677 2277 694 --
2321 641 2567 707 Vatici-

693 759 910 840 cinit),
954 757 1207 839 inquit,
1253 776 1422 840 opus
1474 771 1571 822 est
1610 756 1685 821 ad
1724 756 1832 835 id,
1879 758 2052 838 quod
2082 756 2240 823 dicis
2267 805 2291 838 ‚
2336 758 2571 825 inteili-

689 875 1005 959 gendum:
1051 874 1336 957 equidem
1408 891 1538 943 non
1601 872 1910 955 intelligo.
1957 911 2051 927 --
2104 874 2322 941 Dicam
2370 876 2572 959 igitur

697 991 972 1075 pianiuS.
1039 999 1252 1063 Κῦουσι
1299 997 1459 1076 γὰρ,
1522 991 1565 1061 ὦ
1625 996 1971 1075 Σώκρατες,
2018 995 2245 1068 πάντες
2281 995 2575 1077 ἅνθρωποι

697 1114 806 1180 καὶ
855 1113 1020 1179 κατὰ
1055 1114 1124 1178 τὸ
1153 1119 1328 1191 σῶμα
1376 1113 1478 1178 παὶ
1534 1114 1697 1178 κατὰ
1733 1113 1842 1185 τὴν
1894 1112 2126 1193 ψυχὺν·
2177 1114 2281 1179 καὶ
2321 1115 2574 1187 ἐπειδὴ

697 1228 764 1297 ἔν
804 1253 918 1296 τινι
977 1231 1182 1310 ἡλικίῃ
1233 1230 1558 1305 γένωνται,
1600 1230 1821 1297 τίκτειν
1874 1229 2152 1308 ἐπιθυμεῖ
2182 1232 2341 1308 ἡμῶν
2380 1232 2573 1312 ›md-

695 1369 816 1420 ως.
927 1341 1150 1408 Omnes
1199 1342 1515 1423 homincs‚
1575 1344 1660 1405 mi
1720 1342 2046 1421 Socrates,
2107 1355 2238 1405 tam
2298 1345 2567 1422 anima,

693 1481 885 1548 quam
911 1477 1205 1549 corpore,
1246 1461 1601 1547 concipiunt
1638 1473 1697 1524 ct
1706 1473 2132 1546 praegnantes
2152 1471 2338 1541 κήτη
2364 1478 2569 1544 quum

691 1597 843 1647 vero
882 1575 975 1643 ad
1005 1592 1245 1643 certam
1289 1574 1611 1662 quandam
1657 1590 1927 1641 aetatem
1958 1577 2359 1663 pervenerint
2382 1622 2408 1656 ‚
2444 1592 2573 1663 pan

689 1717 840 1763 rere
883 1697 1076 1781 gestit
1139 1708 1384 1758 natura
1424 1708 1666 1759 nostra.
1778 1694 1996 1759 Parere
2038 1707 2241 1759 autem
2260 1741 2283 1775 ‚
2325 1690 2454 1759 nisi
2500 1694 2570 1769 in

687 1812 959 1894 pulcro,
1002 1826 1134 1873 non
1171 1807 1339 1878 licet.
1425 1808 1589 1872 Nam
1632 1809 1883 1888 quando
1925 1808 1990 1873 id
2025 1810 2199 1890 quod
2231 1808 2597 1891 gravidum·

688 1941 786 1993 est
834 1925 1004 2010 turpi
1076 1922 1587 2010 appropinquat,
1644 1923 1900 1990 tristitia
1948 1939 2012 1990 et
2052 1925 2269 1990 dolore
2308 1941 2569 1992 contra·

687 2045 910 2128 bitur,
990 2043 1293 2110 avertitur
1352 2058 1543 2127 atque
1617 2042 1963 2108 involvitur
1983 2090 2006 2126 ‚
2070 2061 2186 2109 nec
2256 2058 2514 2126 generat
2538 2092 2564 2126 ,

687 2166 802 2232 sed
865 2166 1039 2246 quod
1077 2161 1371 2245 concepit
1427 2180 1608 2244 aegre
1646 2160 1947 2243 cohibet3
1994 2159 2093 2225 sin
2136 2180 2291 2231 vero
2333 2164 2565 2243 pulcro

686 2285 1006 2351 adhaereat
1030 2330 1056 2364 ‚
1117 2279 1348 2347 laetitia
1423 2279 1614 2361 gestit
1635 2325 1659 2359 ,
1715 2277 2019 2344 hilaritate
2099 2293 2162 2343 et
2228 2280 2566 2361 voluptate

684 2398 1059 2466 diffunditur
1103 2418 1175 2464 ac
1222 2397 1382 2482 parit
1445 2413 1507 2463 et
1568 2413 1839 2480 generat.
1934 2397 2059 2463 Est
2102 2396 2263 2461 enim
2291 2444 2315 2478 ,
2361 2415 2403 2462 ο
2441 2397 2567 2463 So-

678 2531 930 2596 etates,
975 2534 1149 2580 amor
1215 2533 1343 2580 non
1399 2514 1604 2596 pulcri
1664 2534 1882 2595 amor,
1930 2530 2000 2579 ut
2052 2529 2124 2581 tu
2170 2529 2397 2597 putas,
2445 2515 2562 2605 sed

681 2629 1098 2716 generationis
1163 2642 1227 2694 et
1276 2645 1493 2713 partus
1560 2630 1623 2694 in
1698 2631 1959 2712 pulcre,
2028 2629 2156 2696 imo
2231 2650 2381 2695 vero
2440 2631 2561 2696 im-

678 2744 1073 2816 mortalitatis
1110 2794 1137 2832 ,
1227 2764 1417 2829 quam
1500 2765 1611 2829 per
1681 2746 2138 2830 generationem
2218 2747 2558 2832 consequi..

674 2886 842 2934 mur.

762 2987 888 3051 Sed
932 2985 1222 3066 quamvis
1254 2985 1340 3049 ita
1364 2983 1731 3049 sententiam
1773 2984 2040 3068 explicet
2074 2984 2402 3064 Diotime‚
2439 3003 2559 3053 no-.

670 3100 772 3164 bis
825 3114 1029 3165 tamen
1077 3101 1347 3166 obscura
1409 3116 1614 3165 manet
1642 3149 1666 3182 ‚
1730 3102 1854 3167 nisi
1909 3105 2029 3168 hoc
2107 3104 2556 3168 animadverta-

671 3235 849 3295 mus,
893 3204 1117 3289 τίᾶιτειν
1145 3218 1316 3300 apud
1365 3218 1650 3284 Graecos
1677 3235 1797 3300 ‚ut
1839 3220 2105 3285 subinde
2154 3220 2335 3285 etiam
2382 3220 2553 3301 apud

666 3329 936 3398 Latinos
985 3349 1272 3421 parcre,
1317 3333 1395 3398 de
1432 3332 1684 3399 feminis
1727 3354 1857 3401 non
1916 3351 2202 3415 tantum,
2247 3336 2355 3400 sed
2399 3337 2549 3399 item

665 3449 744 3516 de
812 3447 1002 3525 viriS„
1039 3448 1326 3533 usurpari
1353 3497 1378 3530 ‚
1446 3466 1772 3534 totamque
1827 3452 1983 3517 hanc
2050 3451 2550 3535 disputationem

662 3566 742 3632 ad
783 3565 902 3631 viri
954 3580 1234 3632 naturam
1278 3565 1832 3648 conditionemque
1892 3565 2136 3633 referri.
2227 3568 2356 3656 Qui
2410 3588 2552 3636 cor·

661 3702 865 3767 pore,
911 3682 1161 3766 inquit,
1197 3700 1623 3770 conceperunt
1660 3705 1731 3750 ac
1772 3702 2182 3770 praegnantes
2224 3701 2377 3752 sunt
2403 3735 2425 3769 ,
2470 3687 2545 3753 ad

659 3797 968 3866 foeminas
1013 3780 1093 3867 ‘se
1139 3819 1560 3871 convertunt:
1610 3820 1917 3887 quaerunt
1976 3818 2189 3869 autem
2247 3806 2538 3887 pulcras:

659 3934 801 3982 nam
866 3939 1076 4000 parere
1121 3921 1186 3987 in
1248 3925 1474 4004 pulcro
1518 3937 1792 4006 possunt
1823 3969 1845 4003 ,
1888 3920 1953 3986 in
1994 3920 2168 4005 turpi
2213 3939 2340 3986 non
2392 3937 2539 4004 pos·

657 4046 858 4100 sunt:
938 4050 999 4098 et
1059 4038 1324 4118 gignunt
1399 4038 1486 4104 ita
1542 4039 1826 4124 libet-05,
1886 4055 2233 4125 propagant
2284 4038 2533 4121 stirpem

2316 4173 2529 4230 suam,
