2792 5167
1418 412 1815 481 *114⁸*

689 579 1146 666 eontenplnti,
1187 578 1377 645 vitam
1436 579 1832 645 instituerent
1886 579 2165 643 omnium
2213 564 2517 658 optimati
2542 610 2572 657 ς

695 694 942 780 alisque
973 693 1354 778 recuperatis
1379 741 1403 775 ,
1448 694 1502 761 si
1546 693 1655 775 qui
1700 693 1847 775 alii,
1893 693 2061 759 beati
2091 706 2304 759 essent
2346 705 2417 757 et
2455 692 2575 759 im·-

703 814 1021 887 mortale&
1111 811 1240 879 Sed
1298 811 1415 876 hac
1466 812 1543 877 de
1590 829 1656 875 re
1728 808 2053 894 deinceps,
2166 808 2315 877 Alia
2370 823 2528 876 sunt
2552 854 2579 889 ‚

695 948 857 1011 quae
908 929 975 997 in
1026 927 1403 1014 pulcerrimo
1443 940 1811 1011 argumento
1860 927 2041 1012 prius
2089 926 2427 995 videantur
2477 944 2588 993 exds

697 1046 1008 1126 ponenda.

779 1162 1276 1231 Memor-avimus
1341 1164 1532 1228 modo
1602 1162 1850 1244 elegans
1907 1162 2311 1245 antiquorum
2384 1162 2591 1247 placi-

697 1293 836 1347 tum
884 1278 963 1345 de
997 1277 1066 1345 vi
1119 1277 1350 1344 amoris
1389 1298 1502 1362 per
1554 1290 1752 1346 totam
1788 1298 1993 1347 rerum
2046 1293 2329 1345 naturam
2382 1278 2593 1347 diffu-

697 1414 817 1478 sa,
859 1396 966 1463 cui
1014 1393 1230 1463 mundi
1285 1396 1441 1462 adeo
1495 1413 1705 1463 ortum
1746 1395 2104 1496 tribuebant
2126 1445 2151 1479 ,
2194 1412 2367 1463 certe
2414 1397 2596 1464 ordi·

699 1530 850 1583 nem
895 1515 1030 1600 ejus
1087 1529 1148 1579 et
1208 1511 1482 1596 speciem
1521 1512 1970 1582 admirabilem.
2040 1514 2421 1583 Dominamr
2462 1516 2591 1580 hoe

695 1631 1190 1715 ‚philosophema
1219 1628 1284 1693 in
1318 1629 1724 1711 Eryximachi
1766 1650 2096 1713 sermone,
2146 1633 2255 1713 qui
2289 1633 2597 1716 proxime

697 1763 858 1831 ,post
913 1743 1277 1813 Pausaniam
1320 1744 1569 1809 dicendi
1611 1746 1893 1829 suscepit
1934 1762 2190 1830 partes:
2238 1750 2352 1813 sed
2410 1751 2599 1832 quod

697 1863 812 1931 ille
869 1862 1312 1943 inchoaverat,
1356 1860 1461 1929 hie
1508 1862 1910 1946 persequitur
1947 1883 2185 1946 pot-10,
2228 1883 2345 1931 nee
2388 1884 2597 1934 unum

707 1980 982 2049 celebrat
1023 1977 1092 2047 in
1152 1978 1344 2045 rebus
1404 1980 1705 2047 omnibus
1758 1999 2029 2048 morem
2051 2029 2078 2063 ,
2120 1983 2234 2049 sed
2266 1983 2595 2068 duplicem

701 2096 1096 2182 distinguit,
1137 2099 1403 2164 alterum
1434 2111 1843 2180 temperatum
1867 2145 1890 2179 ,
1941 2116 2074 2182 quo
2124 2098 2323 2165 calida
2373 2114 2441 2166 et
2483 2098 2599 2165 fri-

717 2218 902 2301 gida,
941 2216 1108 2281 sicea
1162 2229 1226 2280 et
1281 2214 1536 2283 humida
1592 2231 1934 2297 congruam
1980 2229 2162 2282 nacta
2220 2217 2591 2302 temperiem

711 2332 880 2419 agris
932 2314 1314 2399 fertilitatem
1365 2331 1821 2414 sanitatemque
1879 2333 2247 2402 hominibus
2302 2337 2599 2404 caeteris-

707 2444 1131 2517 animantibus
1168 2445 1475 2514 afferuntz
1500 2448 1844 2515 violentum
1883 2438 2145 2515 alterum
2165 2499 2194 2535 ,ῃ
2224 2451 2551 2521 turbidum
2574 2500 2599 2534 ,

709 2582 1194 2646 contumacem,
1246 2584 1381 2647 quo
1448 2564 1862 2633 invalescente
1906 2552 2400 2650 corrumpuntur
2459 2588 2599 2635 om·

711 2679 861 2762 nia,
903 2694 1304 2765 tempestates
1341 2680 1633 2750 oriuntur
1669 2699 1815 2751 cum
1851 2683 2148 2767 grandine
2185 2700 2247 2749 et
2283 2683 2489 2767 glacie
2532 2702 2596 2751 et

719 2814 1005 2883 segetum
1053 2799 1418 2885 rubigines,
1452 2814 1663 2884 pestes
1690 2802 1845 2868 adeo
1886 2814 1949 2866 et
1985 2800 2145 2867 nulli
2188 2819 2321 2868 non
2359 2803 2595 2869 anima⁶

713 2918 878 2989 {ium
912 2931 975 2983 et
1016 2919 1366 2999 plantarum
1427 2919 1654 2984 morbi.
1736 2920 1840 2986 Sic
1883 2934 2127 2986 veteres
2179 2940 2340 3002 quae
2380 2921 2595 2989 animo

717 3032 1077 3099 sentiebant
1105 3035 1183 3097 de
1224 3052 1434 3099 amore
1456 3079 1482 3113 ,
1528 3036 1675 3099 haec
1712 3035 1781 3099 in
1824 3056 2029 3102 rerum
2066 3052 2348 3104 naturam
2391 3056 2598 3107 trans·

715 3143 1038 3217 ferebant:
1083 3146 1421 3229 eademque
1496 3148 1775 3215 medicus
1836 3151 2013 3216 hicce
2046 3151 2114 3218 in
2154 3173 2431 3238 corpora
2476 3158 2603 3224 ho·

713 3260 954 3331 minum
1011 3280 1356 3345 eorumque
1414 3265 1798 3331 curationem
1838 3267 2133 3349 applicat.
2223 3270 2598 3356 Utrumque

713 3398 1029 3460 amorem,
1074 3377 1325 3462 inquit,
1367 3380 1766 3465 agnoscimus
1815 3381 1880 3447 in
1909 3382 2152 3451 artibus
2195 3384 2425 3469 variis,
2454 3404 2593 3456 tum

711 3513 837 3580 ,ego
889 3492 1042 3560 mihi
1094 3495 1580 3579 deprehendisse
1634 3496 1851 3564 videor
1908 3499 1976 3563 in
2020 3515 2151 3565 arte
2192 3519 2418 3571 nostra
2467 3524 2593 3571 me-

715 3612 880 3679 dica.
923 3611 1090 3678 Nam
1127 3611 1246 3677 alia
1275 3613 1549 3697 appetit,
1598 3618 1771 3697 quod
1806 3616 1873 3683 in
1906 3619 2286 3702 corporibus
2319 3641 2585 3702 sanum,

715 3729 878 3812 alia,
923 3731 1096 3813 quod
1133 3729 1196 3796 in
1246 3728 1324 3797 iis
1365 3732 1731 3800 morbosum
1771 3749 1890 3804 est.
1978 3736 2199 3802 Prouti
2230 3737 2467 3822 igitur,
2511 3740 2586 3803 de

712 3844 1048 3913 Pausaniae
1105 3850 1469 3931 sententia,
1536 3850 1724 3918 bonis
1781 3852 2148 3920 hominibus
2211 3856 2585 3938 gratificari,

715 3946 1044 4047 pulcrum,
1088 3967 1267 4032 malis
1322 3986 1512 4053 vero,
1558 3984 1743 4056 turpe
1799 3986 1935 4055 est,
1997 3970 2195 4065 sic-in
2237 3973 2397 4058 ipsis
2449 3991 2581 4057 corp

2466 4105 2583 4171 po·
