2792 5167
995 397 1342 477 ...39-

252 576 404 657 quin
459 577 663 648 vident
718 593 826 642 sua
887 575 1854 658 aponrez.sedoes'eeandem,
1916 574 2113 657 quod·

246 692 516 761 diximus
539 739 568 776 ‚
622 705 876 760 naturae
918 711 1256 777 congruam
1279 741 1304 775 ,
1366 711 1449 760 eo
1505 693 1744 779 patebit
1796 687 2092 762 manifes-

247 809 426 891 tius,
488 807 612 892 quo
671 810 867 894 magis
917 809 1190 875 nativam
1233 810 1509 878 hominis
1566 810 1633 878 in
1691 806 2097 892 disquirendo

253 927 540 994 rationem
595 927 1067 994 attenderimus.
1141 928 1304 994 Nam
1331 929 1549 1018 ⁶homo
1574 976 1600 1012 ,
1641 927 1930 1012 quamvis
1961 926 2101 992 uni·

246 1057 448 1108 versas
512 1058 722 1110 mente
786 1042 954 1109 ideas
1007 1044 1226 1110 habeat
1250 1091 1275 1125 ,
1361 1043 1502 1112 sine
1553 1044 1791 1127 quibus
1825 1042 2106 1130 judicare

240 1157 314 1226 de
370 1159 560 1227 rebus
624 1178 755 1226 non
823 1175 1080 1258 potest,
1150 1176 1354 1227 tamen
1408 1182 1444 1228 a
1497 1161 1767 1249 singulis
1819 1162 1900 1228 ad
1958 1160 2101 1226 uui·

234 1293 453 1359 versa,
517 1297 551 1343 a
612 1277 1004 1362 simplicibus
1062 1278 1141 1344 ad
1201 1277 1597 1359 composita,
1661 1278 1741 1343 ab
1799 1277 1877 1343 iis
1937 1298 2100 1361 quae

233 1393 450 1477 videt,
537 1394 750 1473 audit,
836 1393 1127 1459 manibus
1179 1406 1522 1459 contrectat
1543 1441 1568 1475 ‚
1629 1394 1921 1463 sensibus
1964 1415 2104 1462 orn·

240 1509 400 1578 nino
484 1505 794 1593 percipit3
879 1508 958 1576 ad
1030 1527 1101 1576 ea
1184 1527 1346 1591 quae
1415 1527 1548 1573 non
1623 1524 1843 1593 patent
1911 1511 2113 1577 sensi-

243 1619 418 1709 b'us,
489 1627 932 1711 progreditur:
1026 1643 1156 1707 quo
1229 1624 1350 1704 fit,
1437 1638 1510 1688 ut
1572 1623 1723 1691 haec
1802 1623 2114 1692 declaren-

243 1759 354 1809 tur
405 1742 682 1811 vodbus
743 1740 820 1808 ab
879 1741 1126 1806 illorum
1199 1739 1567 1807 notionibus
1625 1754 1690 1807 et
1733 1740 2105 1828 imaginibus

243 1860 487 1930 ductis.
616 1858 720 1927 Sic
801 1877 836 1923 a
889 1856 1155 1941 pueritia
1229 1857 1621 1940 suscepimus
1709 1858 1919 1926 animo
2009 1879 2109 1929 re·

239 1993 380 2040 rum
463 1972 852 2040 sensibilium
919 1971 1211 2037 notiones
1236 2017 1261 2051 ,
1364 1986 1430 2037 et
1491 1973 1607 2036 has
1685 1973 1983 2040 notiones
2042 1975 2110 2044 in

241 2108 344 2157 res
381 2136 409 2171 ‚
502 2089 792 2156 sensibus
869 2106 1003 2153 non
1096 2100 1380 2169 patentes
1404 2134 1430 2168 ‚
1515 2086 1759 2155 divinas
1847 2089 1916 2155 in
1986 2093 2118 2174 pri·

244 2206 421 2288 mis,
470 2203 897 2272 traduximusx
961 2204 1127 2271 unde
1181 2203 1325 2270 Diis
1385 2201 1521 2270 fere
1573 2208 1869 2273 mortales
1910 2207 2120 2275 homi-

247 2327 348 2392 nis
407 2323 709 2422 formam,
796 2336 968 2390 certe
1018 2321 1332 2406 ingenium
1354 2368 1380 2402 ‚
1466 2321 1843 2391 tribuerunt.
1935 2324 2125 2392 Hanc-

242 2445 592 2511 naturalem
665 2438 1188 2506 animadvertendi
1263 2438 1748 2520 inquirendique
1809 2439 2112 2509 rationem

245 2559 640 2644 sequebatur
711 2553 1025 2621 monendo
1121 2553 1683 2637 praecipiendoque
1761 2555 2047 2625 Socrates
2085 2578 2111 2626 ε

243 2679 406 2762 quin
452 2675 634 2742 etiam
683 2674 904 2739 ducem
944 2689 1016 2737 se
1055 2670 1386 2752 praebebat
1424 2685 1489 2737 et
1528 2672 1819 2739 comitem
1869 2675 2116 2744 discen·

247 2795 318 2860 di
377 2790 737 2866 studiosis,
778 2805 851 2852 ut
905 2804 1027 2851 una
1063 2804 1206 2850 cum
1259 2785 1384 2851 illis
1441 2786 1941 2859 animadveneret
1979 2812 2123 2861 om..

247 2910 409 2992 nia,
498 2906 640 2990 ipsc
702 2904 1231 2983 submonstraret‚
1311 2903 1402 2968 illi
1462 2905 1888 2975 attenderent:
1976 2911 2122 2995 ipse

243 3038 625 3114 quaereret,
713 3021 864 3104 quid
904 3019 1060 3086 effici
1117 3037 1153 3086 e
1197 3020 1460 3106 singulis
1520 3038 1784 3107 posset:
1873 3024 2000 3107 ipsi
2053 3024 2121 3093 id

245 3148 586 3215 efficerent.
673 3140 748 3205 Id
798 3138 1032 3204 Graeci
1066 3142 1440 3223 προαγάγειν
1462 3199 1471 3212 ,
1495 3158 1726 3207 vocare
1780 3142 2070 3211 solebant
2091 3192 2124 3228 ,

247 3281 359 3346 et,
423 3281 567 3329 esse
627 3261 784 3325 hanc
846 3256 1197 3323 dialecticae
1255 3254 1560 3332 rationem
1620 3274 1807 3322 unam
1864 3261 2129 3326 maxime
2200 3248 2208 3262 ⁸

257 3395 519 3447 naturae
574 3388 1052 3443 consentaneam
1078 3419 1102 3452 ‚
1189 3345 1441 3457 linguae
1501 3372 1753 3439 docent.
1840 3367 1957 3438 ‘In
2023 3371 2130 3440 his

261 3496 428 3581 ipsis
485 3514 604 3559 nos
663 3489 1009 3559 scribendis
1065 3506 1511 3571 saepenumero
1556 3490 1683 3573 jam
1719 3491 1864 3555 viae
1918 3500 1983 3554 et
2022 3492 2133 3558 ite·

260 3615 441 3696 nori}
498 3609 932 3692 usurpavimus
993 3607 1350 3671 notionem:
1398 3608 1731 3686 διηγεῖσθαι
1769 3618 2010 3675 veteres
2052 3609 2134 3680 de

262 3724 547 3796 ducendo
593 3727 848 3811 proprie
869 3774 893 3808 ,
941 3723 1055 3794 sed
1108 3724 1253 3791 item
1303 3724 1380 3789 de
1420 3717 1750 3788 narrando
1772 3770 1797 3805 ,
1839 3744 2139 3815 exponen-

266 3844 393 3924 do,
431 3842 692 3910 docendo
751 3857 1174 3928 usurparunt:
1222 3870 1274 3925 μ,
1296 3842 1572 3916 εθοδός
1608 3840 1982 3913 vocabulum
2034 3859 2137 3913 est

173 3947 184 3967 '
264 3961 340 4034 in
375 3959 595 4030 lexicis
644 3959 1011 4045 legitimum.
1090 3957 1264 4047 Quid
1308 3955 1629 4028 dicam-de.
1658 3975 1888 4031 nostro
1919 3959 2145 4029 onacr-

2003 4075 2144 4166 eq-
