2792 5167
930 526 1186 588 ...203
1242 539 1322 554 ...

650 804 758 871 De
818 808 1225 891 poetarum
1272 799 1621 884 rationo,

465 941 609 1007 qua
678 921 870 987 Deos
935 921 1137 987 nahts
1185 922 1256 985 in
1306 915 1782 985 carminibus

843 1039 1407 1118 informarunt.

272 1267 675 1336 Excitandus
742 1269 846 1336 hic
917 1267 1104 1335 nobis
1160 1269 1366 1336 denuo
1423 1285 1518 1336 est
1584 1267 1935 1336 Glauconis
1986 1269 2052 1334 in

172 1385 440 1452 Politia
473 1404 677 1451 sermo
703 1432 727 1467 ‚
766 1386 876 1449 ubi
899 1431 925 1466 ‚
964 1405 1093 1468 quo
1132 1387 1380 1470 plenius
1425 1387 1711 1452 Socrates
1750 1386 2056 1473 justitiam

170 1502 510 1584 vindicet,
566 1516 887 1586 poetarum
940 1502 1147 1585 inepta
1190 1522 1631 1570 commemorat
1659 1506 1737 1570 de
1789 1506 1929 1571 Diis
1963 1503 2056 1570 ef-

168 1617 321 1686 fata
352 1665 380 1701 ‚
435 1622 666 1702 quibus
732 1620 885 1686 moti
943 1621 1367 1687 adolescentes
1443 1621 1810 1703 iniustitiam
1875 1620 2056 1687 facile

170 1737 470 1823 justitiae
506 1736 885 1820 praeferunt.
919 1735 1003 1805 (¹)
1048 1738 1278 1818 Dicat,
1321 1738 1444 1819 ait,
1486 1737 1744 1819 aliquis:
1799 1737 1863 1802 in
1902 1758 2054 1804 con-

176 1853 522 1921 temnenda
580 1854 825 1939 justitia
882 1857 1050 1920 Deos
1114 1856 1298 1920 latere
1356 1873 1488 1919 non
1548 1874 1885 1937 possumus
1940 1875 2052 1922 nec
2157 1836 2164 1843 ⁰

178 1968 536 2052 impedire,
612 1989 741 2052 quo
808 1970 1012 2036 minus
1068 1989 1188 2036 nos
1245 1973 1468 2053 poenis
1519 1971 1808 2039 afficiant.
1912 1974 2051 2039 Nos

179 2107 344 2153 vero
406 2106 820 2172 reponamus:
879 2087 1101 2172 atqui,
1160 2087 1217 2152 si
1274 2106 1403 2152 non
1465 2087 1592 2153 sint
1648 2088 1754 2155 Dii
1807 2088 1904 2154 vel
1954 2108 2050 2154 res

180 2202 491 2267 humanas
533 2220 661 2267 non
714 2220 977 2282 curent,
1021 2201 1212 2267 nobis
1256 2220 1386 2267 non
1424 2206 1802 2281 curandum,
1853 2217 1925 2268 ut
1963 2204 2052 2269 la-

189 2330 434 2383 teamus
486 2317 668 2400 illos;
735 2317 834 2384 sin
886 2317 1091 2382 adsint
1142 2333 1331 2398 atque
1374 2319 1657 2383 homines
1697 2335 1946 2402 regant,
1985 2320 2050 2388 id

182 2451 327 2501 non
364 2434 656 2515 aliunde,
717 2433 838 2499 nisi
880 2453 915 2498 e
956 2437 1280 2516 poetarum
1323 2431 1699 2499 carminibus
1749 2437 2054 2519 cognovi·

188 2569 372 2617 mus:
438 2552 655 2616 dicunt
710 2566 915 2618 autem
972 2552 1201 2632 iidem,
1259 2569 1450 2634 posse
1505 2553 1673 2618 De'os
1707 2554 2044 2619 *sacrificiis

186 2666 618 2748 suavibusque
657 2668 945 2750 precibus
984 2688 1053 2732 ac
1097 2668 1458 2733 muneribus
1502 2667 1694 2738 flecti.
1795 2670 2047 2754 Quibus

187 2783 299 2849 vel
336 2797 669 2867 utrumque
704 2784 1074 2849 credendum
1117 2799 1213 2849 est
1256 2785 1355 2850 vel
1393 2800 1711 2851 neutrum.
1808 2786 1876 2852 Si
1915 2806 2046 2852 cre-

190 2872 502 2981 dendum,
562 2902 791 2985 injuste
844 2919 1021 2982 agere
1077 2901 1255 2978 licet,
1308 2902 1363 2965 si
1415 2902 1604 2965 modo
1652 2922 1729 2985 ex,
1772 2902 1912 2984 ipsa
1953 2924 2050 2970 ra·

196 3015 349 3101 pina
400 3016 541 3082 Diis
580 3018 893 3097 {sacrificia
953 3015 1312 3082 offeramus.
1398 3015 1605 3100 Nam,
1650 3019 1706 3085 si
1742 3022 1899 3106 Justi
1939 3041 2050 3087 su-

194 3154 382 3214 mus,
456 3134 651 3200 illaesi
719 3135 963 3215 quidem
1022 3153 1057 3199 a
1116 3132 1260 3201 Diis
1321 3134 1599 3215 erimus,
1661 3139 1768 3203 sed
1832 3141 2043 3219 lucra,

196 3269 354 3332 quae
402 3270 514 3332 per
566 3252 927 3335 injustitiam
983 3267 1462 3334 comparantur,
1501 3268 1903 3335 respuemus=
1949 3256 2046 3320 in-

188 3364 343 3454 justi
396 3386 591 3446 vere,
650 3368 899 3434 divitias
954 3367 1350 3449 parabimus,
1396 3369 1860 3453 sceleribusque
1902 3393 2043 3454 per-

194 3483 486 3568 petratis,
518 3484 660 3548 illos
694 3483 984 3566 precibus
1010 3485 1360 3563 flectentes,
1394 3489 1596 3567 poena
1623 3486 2040 3562 liberabimur.

198 3601 333 3669 Nec
372 3619 523 3665 vero
562 3599 723 3666 dicat
766 3598 943 3682 quis:
998 3601 1164 3683 apud
1206 3600 1439 3667 inferos
1481 3620 1713 3684 poenas
1751 3605 2036 3675 dabimus

196 3734 452 3795 eorum,
497 3734 653 3798 quae
687 3717 786 3783 blc
833 3717 1061 3802 injuste
1094 3717 1624 3785 commiserimus:
1679 3722 1959 3806 scilicet,
1997 3746 2038 3790 ο

196 3834 355 3899 bone
374 3878 402 3914 ,
442 3834 956 3916 respondebimus
973 3880 999 3917 ,
1029 3833 1416 3919 expiationes
1436 3855 1554 3919 pro
1576 3841 1847 3920 peccatis
1867 3859 2040 3908 com·

1895 3977 2043 4025 mis-

268 4109 346 4178 (1)
393 4108 482 4164 cf.
546 4124 707 4176 supra
759 4125 819 4175 p.
880 4108 1097 4180 45-67.
