2792 5167
996 503 1378 566 ..141-

262 688 445 750 ωηο,
503 669 661 738 illud
716 666 1117 752 potissimum
1172 665 1776 732 animadvertendum
1834 680 1969 746 est,
2030 683 2125 731 re·

258 791 388 873 peti
450 786 529 853 ab
590 805 669 852 eo
722 784 1274 852 commutationem
1336 782 1501 849 illam
1563 782 1854 867 proxime
1902 801 2046 850 curn
2087 804 2123 850 a

260 905 534 970 musicae
570 919 759 985 atque
814 900 1230 969 institutionis
1281 901 1540 984 puerilis
1597 901 1931 985 neglectu,
1986 915 2121 968 tum

267 1022 447 1089 etiam
492 1022 679 1101 inde,
728 1022 901 1104 quod
949 1036 1171 1101 genera
1219 1020 1540 1086 hominum
1567 1065 1593 1101 ‚
1654 1038 1814 1102 quae
1866 1018 1931 1085 in
1982 1039 2125 1103 per·

265 1137 428 1205 fecta
468 1139 782 1222 republica
826 1152 990 1205 recte
1031 1151 1203 1203 erant
1242 1135 1574 1217 distincta,
1610 1138 2116 1203 commiscentur.

269 1254 492 1321 Musas
546 1255 735 1340 igitur
778 1255 929 1319 haec
982 1253 1291 1319 continuo
1344 1254 1616 1319 dicentes
1668 1253 1942 1320 inducit:
1997 1245 2120 1322 'nos

268 1370 496 1437 iccirco
527 1369 838 1454 negligere
875 1371 1175 1436 custodes
1215 1368 1512 1452 incipient
1535 1415 1559 1449 ‚
1606 1369 1901 1454 musicam
1943 1385 2119 1448 non,

267 1504 341 1553 nt
379 1488 601 1567 decet,
642 1504 853 1569 neque
895 1485 1338 1570 gymnasticam
1378 1501 1706 1552 curantes:
1750 1486 1913 1551 unde
1933 1491 2124 1569 ἀμαυ·

262 1605 481 1689 σόα-’ρῳ
534 1602 688 1669 fient
722 1604 982 1688 juvenes
1029 1602 1256 1669 nostri.
1360 1601 1512 1668 Inde
1556 1616 1758 1667 autem
1804 1599 2118 1684 principes

258 1717 724 1788 constituentur
774 1721 1291 1804 negligentiores,
1341 1733 1524 1800 quam
1565 1719 1785 1797 decet,
1832 1717 1911 1783 ad
1950 1730 2120 1785 recte

256 1837 732 1904 discernendum
757 1884 785 1919 ‚
827 1836 1063 1918 quibus
1101 1836 1393 1921 gerundis
1435 1837 1621 1902 rebus
1663 1834 1898 1919 singuli
1940 1834 2114 1904 cives

258 1959 479 2022 natura
528 1954 659 2022 sint
709 1955 881 2038 aptit
942 1970 1071 2036 qno
1124 1955 1454 2036 neglecto,
1498 1951 1705 2019 omnia
1754 1953 1820 2018 in
1862 1950 2114 2020 civitate

254 2069 695 2153 perturbentur
728 2089 980 2138 necesse
1017 2085 1134 2139 est.
1186 2067 1270 2137 (ι)

664 2306 776 2374 De
832 2310 1329 2375 timocran'a'
1385 2325 1462 2374 et
1515 2311 1695 2374 viro

902 2428 1433 2494 timocratt'co.

336 2658 823 2742 Aristocratise‚
869 2679 1054 2744 quam
1102 2661 1398 2746 optimam
1453 2661 1615 2728 dixit
1669 2661 1848 2727 Plato
1892 2663 2108 2730 civiu-

248 2793 415 2856 oem,
471 2776 756 2859 proxime
800 2778 1034 2844 accedit
1071 2779 1153 2844 de
1192 2782 1326 2865 ejus
1370 2777 1678 2845 sententia
1715 2755 2099 2845 ¹timueratia:

246 2893 582 2977 utriusque
642 2908 846 2962 autem
914 2897 1245 2962 discrimen
1304 2911 1378 2962 ut
1429 2912 1594 2962 recte
1659 2897 2101 2980 perspiciatur,

246 3011 327 3075 de
364 3007 645 3093 perfecta
689 3009 793 3077 illa
838 3010 1155 3094 republica
1197 3013 1319 3077 hoc
1357 3012 1503 3079 item
1542 3014 1871 3079 tenendum
1913 3014 2102 3081 nobis

208 3143 366 3226 fist.
452 3128 583 3212 Qui
640 3125 981 3194 defendunt
1034 3148 1165 3194 eam
1230 3145 1295 3196 et
1356 3145 1626 3212 regunt,
1690 3134 1986 3199 custodes
2028 3153 2100 3199 ac

245 3243 638 3328 magistratus
660 3290 689 3325 ‚
726 3245 845 3309 hos
884 3245 1091 3311 noluit
1115 3244 1289 3329 ipsos
1314 3247 1397 3312 rei
1421 3245 1705 3313 familiari
1728 3251 2095 3331 consulere3

244 3375 523 3426 caeteros
565 3360 755 3445 iussit
802 3362 974 3428 cives
1014 3363 1213 3430 victui
1253 3382 1467 3430 eornm
1514 3367 1912 3449 prospiceret
1961 3384 2094 3433 tum

241 3497 390 3544 vero
431 3478 740 3545 universis
780 3478 987 3545 voluit
1028 3499 1174 3546 cum
1216 3499 1412 3564 opes,
1465 3494 1596 3545 tum
1640 3500 1868 3548 uxores
1913 3483 2093 3549 etiam

243 3610 304 3661 et
344 3595 576 3666 liberos
608 3615 973 3663 communes
1008 3616 1177 3665 esse.
1264 3599 1340 3665 In
1374 3597 1612 3680 quibus
1651 3599 1894 3682 placitis
1937 3602 2097 3668 mul·

242 3731 303 3780 ta
327 3761 349 3793 ‚
393 3713 633 3796 fateor,
674 3730 1017 3781 occurrunt
1059 3715 1325 3782 absurda
1366 3731 1745 3798 naturaeque
1794 3719 2092 3785 humanae

236 3833 687 3914 repugnantia,
745 3847 1074 3916 propterea
1127 3834 1429 3914 quidem,
1495 3835 1668 3918 quod
1720 3835 1800 3901 ad
1848 3836 2090 3904 civilem

2017 3975 2087 4020 ea

305 4095 386 4162 (t)
426 4095 515 4145 De
533 4093 677 4162 Rep.
712 4091 883 4147 vm.
917 4090 1040 4148 546.
1064 4091 1130 4144 Ε.
1156 4089 1367 4162 οὔῆ.
1393 4095 1465 4146 A.
