2792 5167
1112 545 1453 608 ...23-

323 708 454 789 imo
513 724 660 771 vero
682 725 716 785 ,·
768 718 837 769 ut
875 723 1085 788 regere
1128 704 1438 773 furiosum
1481 707 1668 774 istum
1714 723 1777 774 et
1815 711 2216 793 pervicacem-

324 823 579 907 possit,
641 823 1004 907 adjunctum
1070 821 1159 887 illi
1212 826 1473 889 alterum
1517 844 1744 907 equum
1789 827 2025 908 habet,
2067 834 2203 908 εὐή·

322 965 435 1011 νιον
460 990 482 1015 ,
541 935 720 1003 freno
789 936 1176 1019 monitisque
1241 953 1307 1004 et
1373 938 1799 1005 adhortationi
1855 954 2194 1023 parentem.

322 1054 447 1122 Est
508 1054 609 1121 hic
667 1060 727 1125 ἐν
782 1068 860 1140 τῇ
901 1058 1172 1126 καλλίονι
1215 1057 1391 1129 colos:
1454 1056 1570 1133 ὧν,
1628 1060 1701 1127 τό
1737 1084 1809 1126 τε
1836 1056 2002 1135 εἶδος
2042 1062 2195 1143 ὀρθὸς

317 1177 421 1243 καὶ
464 1176 895 1259 διηρθρωμένος,
941 1176 1231 1258 ὑψαύχην
1253 1222 1273 1249 ,
1318 1174 1653 1258 ean-typum
1677 1224 1697 1251 ‚
1759 1179 1971 1252 λευκὸς
2010 1170 2152 1245 ἰδεῖν
2167 1218 2193 1254 ‚

315 1290 783 1374 μελανόμματος
804 1341 824 1368 ,
867 1299 1048 1374 τιμῆς
1091 1292 1303 1373 ἔρως-ἧς
1344 1291 1512 1373 μετὰ
1557 1293 1935 1375 σωφροσύνης
1976 1318 2047 1360 τε
2087 1291 2190 1360 καὶ

312 1411 507 1485 αἰδοῦς
570 1410 671 1477 καὶ
732 1410 1011 1485 ἀληθινῆς
1077 1409 1248 1490 δόξης
1307 1411 1535 1492 ἑταῖρος
1559 1451 1584 1486 ‚
1648 1407 1962 1485 ἄτληκτος
1985 1457 2007 1482 ,
2090 1432 2191 1477 κε·

303 1526 608 1607 λεύσμοιτι
667 1525 840 1605 μόνον
906 1524 1007 1592 καὶ
1073 1524 1238 1608 λόγῳ
1308 1527 1686 1607 ›intexat-aea
1759 1524 2192 1591 excellendo&

305 1639 527 1705 habitu
548 1688 573 1719 ‚
621 1639 841 1727 ιρεσίς
911 1653 1121 1706 rectus
1139 1683 1165 1720 ‚
1255 1639 1517 1704 membri
1520 1658 1546 1704 5
1628 1641 1759 1705 rite
1818 1656 2143 1728 expressus
2160 1687 2186 1719 ‚

301 1754 516 1822 ardua
554 1761 796 1822 cervice
812 1800 838 1834 ,
882 1776 1030 1821 naso
1068 1756 1351 1842 aquilino
1369 1800 1393 1833 ‚
1439 1752 1637 1821 nitIdo
1674 1755 1876 1822 colore
1895 1801 1918 1836 ‚
1982 1759 2189 1842 nigris

305 1874 497 1940 oculis
513 1919 536 1952 ‚
599 1873 845 1938 honoris
905 1870 1173 1960 cupt‘dus
1199 1919 1223 1953 ,
1303 1870 1416 1937 sed
1468 1871 1799 1938 modestiae
1861 1874 2054 1940 simul
2111 1894 2188 1940 ac

297 1989 560 2078 pudoris
636 1991 854 2077 plenus
869 2033 894 2069 ,
982 2008 1175 2054 verae
1253 1991 1553 2074 opinionis
1630 1992 1869 2055 amicus
1886 2037 1909 2071 ,
1994 1990 2185 2056 null1's

306 2108 575 2174 stimulis
630 2105 911 2192 indigens
935 2152 961 2186 ‚
1023 2108 1452 2172 cohortatione
1491 2104 1624 2171 sola
1663 2126 1741 2170 ac
1786 2110 2036 2172 ratione
2079 2125 2178 2171 re·
2290 2172 2295 2179 ,

293 2227 507 2309 gitur.
559 2220 642 2290 (¹)
727 2223 948 2304 Ergo,
999 2220 1111 2287 ubi
1156 2222 1366 2304 auriga
1413 2218 1477 2286 in
1513 2220 1768 2298 animo,
1813 2220 2174 2288 amatorium

300 2338 656 2421 adspiciens
717 2338 999 2418 vultum,
1082 2352 1416 2420 totumque
1502 2355 1693 2403 sensu
1790 2339 2173 2405 inflammans

297 2456 619 2535 animum,
681 2453 1056 2520 titillationis
1113 2473 1183 2519 ac
1243 2453 1529 2520 desiderii
1586 2454 1859 2520 stimulis
1900 2453 2176 2520 concita·

300 2588 453 2652 tur,
516 2586 650 2637 tum
707 2570 818 2652 qui
878 2571 1124 2654 aurigae
1179 2570 1478 2637 obediens
1534 2585 1629 2636 est
1678 2589 2030 2655 equorum,
2099 2586 2170 2637 ut

294 2688 674 2769 consuevit,
739 2689 979 2770 pudore
1047 2687 1367 2754 cohibitus
1442 2701 1638 2754 semet
1706 2686 1911 2771 ipsum
1968 2690 2172 2755 conti-

294 2824 452 2885 net,
516 2823 596 2869 ne
655 2804 940 2887 prosiliat
1005 2805 1069 2869 in
1130 2822 1425 2870 amatum.
1515 2806 1698 2871 Alter
1754 2823 1906 2873 vero
1959 2824 2165 2888 neque

291 2921 565 2988 stimulis
603 2940 808 3003 neque
849 2920 1217 2986 verberibus
1266 2922 1538 2990 coerceri
1581 2937 1837 3007 potest,
1897 2925 2011 2989 sed
2058 2944 2169 2990 ex·

290 3042 485 3106 sultat
524 3038 588 3105 vi
631 3052 693 3104 et
735 3038 973 3121 impetu
999 3085 1023 3118 ‚
1087 3057 1278 3121 atque
1320 3040 1728 3123 conjunctum
1766 3040 1889 3106 sibi
1931 3060 2161 3122 equum

288 3169 350 3220 et
405 3154 677 3239 aurigam
741 3153 1160 3236 perturban3‚
1227 3154 1387 3235 rapit
1454 3171 1794 3238 utrumque
1866 3157 1944 3222 ad
2001 3175 2165 3221 ama·

289 3270 500 3351 sium,
544 3287 614 3336 ut
666 3271 979 3355 indulgeat
1030 3270 1152 3335 sibi
1199 3271 1615 3352 voluptatem.
1706 3271 1793 3336 At
1837 3272 1926 3336 illi
1977 3272 2158 3338 initio

289 3390 689 3453 adversantur
738 3388 1032 3471 quidem,
1078 3386 1419 3469 indignati,
1468 3389 1642 3469 quod
1678 3380 1763 3453 ad'
1794 3388 1998 3471 gravia
2047 3407 2160 3454 nec

290 3505 461 3570 licita
523 3506 877 3584 trahantur,
947 3506 1188 3571 tandem
1256 3520 1449 3580 vero,
1516 3522 1657 3568 cum
1735 3506 1941 3569 exitus
2018 3506 2163 3570 mali

290 3625 507 3691 nullus
561 3622 680 3701 sit,
748 3621 1058 3705 compulsi
1109 3620 1444 3700 feruntur,
1511 3621 1867 3702 ceduntque
1908 3621 2030 3704 jam
2097 3639 2160 3687 et

281 3739 729 3821 consentiunt,
789 3740 966 3821 quod
1029 3737 1192 3823 jussi
1259 3756 1452 3816 sunt,
1514 3740 1736 3804 facere.
1850 3739 2017 3805 Hinc
2080 3743 2159 3807 ad

285 3859 580 3927 amasium
623 3858 971 3936 accedunt,
1019 3857 1464 3935 intuemurque
1515 3856 1652 3938 ejus
1693 3856 1934 3922 vultum
1979 3860 2157 3939 quasi

2040 3975 2161 4040 ful·

364 4112 445 4182 (t)
489 4109 628 4161 an.
665 4109 704 4159 1.
