2792 5167
1456 439 1853 503 —166—

705 619 1027 686 societatis
1069 621 1369 686 humanae
1416 619 1843 700 salutem,·ad
1878 614 2176 696 virtutem
2216 616 2284 692 in
2318 616 2574 684 civitate

711 736 1090 803 excitandam
1159 752 1220 801 et
1281 734 1747 802 stabiliendam.
1830 734 1985 819 Quo
2046 753 2194 801 sane
2244 734 2585 819 proposito

707 855 947 920 nullum
993 871 1132 918 esse
1165 845 1410 936 majus,
1444 853 1689 918 nullum
1721 850 2056 918 sublimius
2098 866 2336 938 potest.

801 968 1053 1035 Scilicet
1113 969 1320 1034 omnis
1367 971 1535 1052 apud
1595 967 1914 1034 Platonem
1976 968 2383 1054 philosophia
2443 969 2595 1053 pul-

717 1087 816 1150 cri
886 1085 978 1150 sic
1033 1100 1131 1150 est
1182 1104 1325 1150 cum
1383 1104 1629 1152 monnn
1706 1085 1989 1155 doctrina
2036 1089 2371 1170 copulata,
2468 1102 2591 1170 ut,

655 1204 664 1213 '
719 1205 835 1269 hac
871 1201 1162 1283 sublata,
1202 1201 1311 1268 vix
1349 1201 1561 1285 possit
1601 1200 1986 1283 consistere,
2032 1216 2202 1267 certe
2248 1203 2317 1269 vi
2352 1223 2474 1271 sua
2524 1219 2595 1270 et

719 1320 1021 1403 dignitate
1072 1318 1397 1393 maximam
1456 1333 1693 1402 partem
1751 1318 2146 1387 destituatur.
2227 1320 2352 1391 Est
2398 1320 2594 1403 quasi

719 1436 1024 1503 introitus
1058 1434 1292 1519 aliquis
1329 1436 1411 1501 ad
1444 1435 1613 1507 vitae
1656 1438 2007 1505 tradendam
2048 1435 2349 1502 rationem
2411 1435 2593 1520 opti·

719 1574 884 1620 mam
908 1600 933 1636 ,
972 1554 1050 1619 ad
1089 1552 1292 1636 ipsam
1329 1552 1751 1636 explicandam
1789 1552 2107 1636 politicam
2168 1553 2588 1638 disciplinam,

613 1736 626 1753 ,
722 1671 889 1737 Nam
947 1668 1507 1751 disquisitionibus
1556 1671 1966 1738 instituendis
2038 1673 2120 1739 de
2170 1674 2445 1756 pulcro,
2510 1671 2593 1737 de

707 1805 973 1865 amore,
1017 1786 1096 1849 de
1141 1783 1376 1850 musica
1428 1799 1492 1848 ct
1540 1785 1823 1867 artibus,
1870 1786 1936 1851 id
1996 1786 2126 1872 agit
2162 1786 2470 1871 maxime,
2518 1801 2596 1852 ut

713 1902 878 1969 viam
930 1899 1120 1967 nobis
1150 1901 1385 1984 aperiat
1407 1947 1433 1982 ,
1477 1917 1637 1981 quae
1670 1900 1750 1967 ad
1807 1899 2104 1969 virtutem
2137 1900 2337 1967 tendit
2368 1913 2433 1966 ct
2477 1920 2594 1967 ve-

713 2039 844 2085 ram
905 2017 1230 2085 civitatum
1289 2016 1671 2109 felicitatem.
1756 2018 1952 2105 Quod
2006 2037 2201 2085 rmum
2254 2019 2596 2085 observas-

721 2157 794 2203 se
844 2136 1108 2203 sufficiat
1129 2182 1154 2216 ,
1197 2135 1252 2202 si
1278 2134 1595 2218 explicare
1645 2134 1910 2201 velimus
1934 2182 1961 2218 ‚
2004 2156 2196 2221 quare
2237 2136 2591 2204 Homerum

720 2276 758 2325 e
789 2253 1060 2339 perfecta
1103 2252 1360 2319 civitate
1401 2252 1741 2319 excluserit
1798 2254 2024 2335 Pluto,
2067 2268 2428 2336 tantamque
2476 2253 2592 2320 tri-

717 2372 928 2439 buerit
962 2372 1235 2439 musicae
1271 2370 1399 2437 vim
1425 2417 1450 2451 ,
1494 2384 1567 2436 ut
1617 2374 1693 2437 ea
1739 2384 2033 2454 perverse
2084 2374 2396 2454 tractam,
2442 2389 2590 2437 mu-

710 2489 831 2554 tari
855 2466 920 2555 et
956 2489 1350 2570 pessumdari
1390 2485 1679 2554 civitates
1719 2501 2045 2554 statueret.
2092 2489 2157 2536 <⁰
2241 2489 2407 2585 Nam
2445 2507 2591 2553 mu-

713 2603 905 2671 sicam
944 2622 1188 2670 omnem
1228 2620 1291 2669 et
1319 2604 1543 2685 poesin
1564 2651 1589 2685 ‚
1620 2605 1962 2669 excolendo
2006 2621 2138 2670 non
2173 2607 2378 2671 solum
2406 2603 2593 2688 inge·

711 2719 825 2786 nio
846 2767 871 2801 ‚
955 2720 1068 2786 sed
1123 2719 1346 2786 morali
1407 2718 1769 2803 praesertim
1828 2719 2119 2787 adhibuit
2168 2721 2402 2789 civium
2442 2742 2591 2808 per-

707 2835 1015 2905 fectioni:
1065 2856 1189 2920 qua
1245 2839 1380 2905 sola
1440 2836 1557 2903 niti
1596 2836 1884 2904 civitates
1936 2854 2214 2920 oportet.
2301 2838 2586 2927 Quocir-

701 2975 774 3021 ca
812 2974 1164 3040 perversam
1207 2955 1540 3037 utriusque
1576 2956 1876 3022 rationem
1922 2973 2053 3021 non
2102 2955 2310 3023 minus
2354 2972 2594 3023 nocere

697 3071 790 3135 rei
831 3071 1122 3152 publicae
1155 3069 1515 3150 statuebat,
1560 3090 1746 3151 quam
1777 3072 2010 3155 iustam
2062 3072 2388 3154 prodesse.

786 3184 913 3251 Sed
951 3183 1240 3267 quamvis
1275 3203 1406 3251 non
1446 3185 1512 3251 id
1562 3187 1875 3253 studuerit
1930 3186 2150 3267 Plato,
2211 3189 2389 3270 quod
2440 3206 2588 3274 ege-

583 3334 588 3340 ·
702 3316 853 3368 runt
917 3300 1142 3366 deinde
1216 3301 1592 3366 Aristoteles
1662 3315 1729 3366 et
1806 3301 2247 3387 Peripatetici,
2334 3305 2585 3388 quique

702 3438 781 3486 ex
831 3418 934 3486 his
987 3413 1430 3500 profecerunt,
1491 3416 1720 3483 Cicero
1789 3430 1865 3496 et·
1914 3416 2347 3505 Quintilianus
2370 3467 2396 3502 ‚
2459 3438 2580 3507 ut,

667 3536 878 3623 ·quod
937 3536 1003 3601 in
1053 3531 1297 3601 artibus
1345 3533 1623 3599 cernitur
1669 3535 2001 3618 pulcrum,
2065 3534 2431 3621 singulatim
2475 3554 2581 3608 ex-

703 3658 977 3741 ploraret
998 3698 1023 3736 ,
1072 3653 1371 3738 justeque
1425 3652 1548 3718 hoc
1590 3651 1783 3719 modo
1821 3652 1901 3719 de
1939 3653 2128 3736 poesi
2168 3669 2233 3721 et
2274 3658 2578 3744 eloquen-
2656 3716 2663 3723 .

2443 3775 2568 3863 ¹5⁸5

768 4002 857 4073 (ι)
895 4002 1029 4071 Rq».
1069 4003 1175 4059 lv.
1210 4006 1335 4061 424.
1372 4007 1440 4060 C.
1478 4004 1569 4077 V„
1598 4006 1725 4061 De·
1770 4006 1889 4063 Tex
1931 4026 1992 4079 p.
2032 4008 2100 4066 56
2133 4015 2192 4066 ot
2232 4009 2359 4078 ἰδῇ·
