2792 5167
1360 571 1869 639 .‚-„4—

739 709 906 823 &otro
957 738 1218 814 δικαίως.
1305 729 1571 802 &lenm
1616 756 1948 804 sermonem
2000 736 2156 809 dicis
2197 744 2498 813 virentem
2527 758 2586 809 et

731 858 1084 922 animatum
1112 897 1138 932 ‚
1178 849 1357 933 ardus
1380 853 1622 939 scripta
1650 856 1852 920 oratio
1888 855 2294 922 simulacrum
2334 855 2595 945 aliquod

732 991 856 1037 non
912 971 1117 1057 inepte
1162 965 1648 1055 nuncupabitur.
1734 967 1795 1035 E
1859 987 1983 1050 qua
2043 971 2347 1039 sententia
2405 972 2587 1058 origo

730 1083 959 1171 dialogi
1003 1099 1231 1170 sponte
1280 1081 1553 1149 ducitur.
1641 1080 1763 1149 Sed
1815 1097 2036 1168 pergat
2070 1084 2358 1153 Socrates
2408 1089 2588 1169 quod

730 1202 939 1269 animo
999 1199 1194 1268 sentit
1237 1197 1565 1284 explicare.
1655 1197 2016 1266 Sermonem
2056 1201 2323 1284 deinde,
2387 1222 2585 1285 quem

725 1318 887 1388 dixit
910 1365 935 1401 ‚
995 1322 1297 1388 virentem
1353 1329 1420 1384 et
1468 1317 1819 1383 miniatum
1843 1363 1868 1399 ,
1909 1316 2207 1401 agricolae
2253 1333 2582 1403 comparat

722 1455 841 1523 per
890 1453 1075 1521 agros
1130 1434 1369 1502 semina
1425 1431 1766 1520 spargenti.
1863 1432 1938 1499 Id
1990 1432 2144 1499 mihi
2198 1434 2342 1517 dic,
2387 1455 2590 1518 quae--

723 1574 801 1622 so
824 1601 850 1636 ,
910 1553 996 1619 ait
1017 1599 1042 1635 ,
1101 1551 1327 1618 mentis
1380 1570 1644 1635 compos
1689 1549 2001 1635 agricola,
2068 1548 2125 1615 si
2192 1570 2353 1640 quae
2390 1552 2580 1621 habet

716 1668 952 1738 semina
974 1713 999 1748 ‚
1059 1685 1221 1750 quae
1266 1666 1389 1751 ipsi
1449 1684 1633 1734 curae
1669 1667 1975 1751 cordique
2036 1681 2188 1734 sunt
2208 1714 2234 1749 ‚
2279 1688 2582 1751 quorum·

715 1805 845 1873 que
901 1786 1146 1858 fructus
1209 1800 1433 1869 capere
1493 1798 1639 1850 avet
1657 1830 1683 1865 ‚
1766 1784 2075 1867 numquid
2134 1784 2198 1851 in
2266 1783 2578 1853 Adonidis

713 1906 987 1973 hortulis
1029 1902 1209 1987 quasi
1248 1920 1428 1968 arans
1466 1901 1686 1968 sedulo
1733 1899 1843 1985 (ὓ,
1897 1899 2187 1989 gaudebit
2240 1904 2360 1968 hos
2399 1922 2580 1987 spec·

714 2037 852 2089 tans
907 2023 1198 2087 hortulos
1247 2017 1410 2085 intra
1461 2017 1596 2084 dies
1646 2035 1794 2083 octo
1829 2019 1961 2104 jam
2005 2020 2262 2102 pulcros
2312 2017 2508 2087 factos
2534 2019 2588 2087 2-

712 2137 821 2204 An
857 2155 1039 2215 ,vero
1124 2135 1189 2201 id
1265 2134 1418 2202 festi
1492 2134 1814 2220 cujusdam
1881 2135 2005 2202 diei
2064 2122 2352 2220 ludique
2384 2138 2575 2224 gratia

709 2253 935 2335 faciet,
979 2252 1035 2319 sl
1081 2251 1334 2337 quidem
1378 2249 1603 2319 faciat:
1648 2265 1754 2335 at,
1795 2251 1908 2319 ubi
1938 2251 2106 2321 serio
2143 2273 2377 2340 agens,
2416 2256 2578 2341 agri-

710 2371 992 2438 culturae
1047 2365 1325 2435 studium
1371 2366 1765 2449 adhibuerit,
1844 2383 2013 2437 seret
2035 2417 2060 2452 ‚
2121 2370 2234 2438 ubi
2280 2373 2580 2442 convenit

712 2503 779 2556 et
835 2487 989 2555 satis
1050 2486 1174 2555 sibi
1219 2498 1600 2552 consecutus
1668 2485 2027 2570 videbitur,
2090 2488 2143 2555 si
2205 2504 2354 2557 octo
2407 2508 2586 2558 men-

707 2600 874 2669 sium
930 2601 1254 2668 intervallo
1316 2599 1476 2666 satio
1513 2598 1714 2684 ipsius
1757 2598 1973 2685 fruges
2011 2604 2347 2686 protulerit
2371 2605 2407 2672 ‘i’
2449 2604 2580 2672 Hie

710 2721 1071 2788 Phaedrus:
1121 2720 1204 2785 ita
1251 2736 1563 2802 morsm,
1623 2735 1664 2783 o
1715 2716 2052 2801 Socrates,
2099 2719 2228 2802 ait,
2271 2719 2376 2787 illa
2437 2723 2582 2806 qui·

707 2839 848 2904 dem
893 2837 1112 2901 ludens
1155 2838 1483 2921 jocoque,
1543 2846 1615 2900 ut
1663 2831 1867 2916 dicis,
1922 2834 2076 2900 haec
2133 2850 2343 2904 autem
2409 2838 2578 2906 serio

702 2949 912 3021 ficiet.
1002 2950 1128 3017 Cui
1159 2950 1492 3019 Socrates:
1538 2950 1855 3017 hominem
1896 2968 2098 3032 vero,
2137 2953 2295 3037 iusti
2339 2955 2578 3021 hones·

704 3065 883 3150 tique
943 3064 1263 3132 scientiam
1324 3067 1794 3152 possidentem,
1868 3064 2138 3151 agricola
2199 3068 2578 3152 ineptiorem

704 3184 784 3249 ad
841 3182 1075 3249 semina
1128 3202 1242 3250 sua
1282 3184 1627 3270 spargenda
1686 3181 2097 3269 putabimus?
2135 3224 2227 3239 —
2266 3186 2572 3256 Omnium

704 3302 978 3369 minime.
1023 3337 1118 3353 —
1153 3301 1311 3367 Non
1353 3301 1545 3387 igitur
1571 3302 1857 3370 studiose
1891 3301 2069 3384 quasi
2106 3302 2171 3368 in
2218 3321 2379 3385 aqua
2410 3304 2576 3371 scri-

706 3423 816 3491 bet
835 3469 859 3504 ,
901 3434 1240 3488 atramento
1292 3439 1410 3506 per
1457 3422 1756 3488 calamum
1819 3436 2035 3485 serens
2089 3433 2156 3487 et
2215 3439 2381 3490 usus
2431 3440 2579 3488 ora-

704 3538 925 3619 tione,
970 3554 1130 3622 quae
1162 3554 1277 3603 nec
1316 3534 1571 3602 sibimet
1609 3536 1748 3622 ipsa
1783 3533 2070 3602 auxiliari
2121 3534 2411 3620 ratione,
2453 3554 2582 3605 nec

1505 3659 1516 3672 ⁰
2409 3652 2572 3722 alios

774 3836 856 3906 (ι)
896 3834 992 3890 Sic
1030 3838 1332 3908 exprimere
1368 3833 1640 3907 valgum
1679 3832 1974 3892 lectionem
2008 3832 2234 3902 studui,
2271 3837 2426 3906 qum
2444 3838 2579 3886 tuo-

703 3951 794 3999 tur
837 3947 955 3998 Ant.
989 3946 1058 3997 nd
1079 3947 1313 4008 Phaedr.
1339 3965 1398 4017 p,
1432 3947 1555 4004 388.
1590 3944 1759 3999 Forte
1778 3960 1882 4015 pro
1904 3941 2048 4017 ὰρῦν
2085 3944 2362 4016 legendnm
2389 3935 2575 4016 ἄρδῃ

700 4047 978 4117 irrigans,
1015 4051 1076 4097 ut
1107 4048 1370 4100 sententia
1410 4046 1518 4099 uita
1574 4044 1829 4117 agricola
1867 4068 1949 4089 ·—
1999 4044 2270 4121 numquid
2302 4058 2371 4096 ea
2423 4041 2574 4095 serio

703 4147 767 4202 ia
796 4143 1071 4201 Adonidis
1101 4145 1281 4200 horta}
1313 4146 1594 4216 irrigant,
1621 4142 1896 4215 gaudebit
1928 4161 2009 4187 ¹-
