2792 5167
1517 466 1858 550 ...36-

762 643 1051 716 lescentis
1108 646 1273 713 dicta
1339 645 1433 711 sic
1494 644 1781 715 Socrates
1803 693 1829 729 ,
1916 645 2038 713 hos
2104 664 2226 734 ego
2281 647 2622 732 homines,

762 765 968 849 inquit
988 813 1014 848 ,
1055 781 1449 846 nequaquam
1508 764 1756 848 appello
1806 761 2273 849 philosophos,
2329 767 2435 835 sed
2472 767 2621 851 phi-

760 883 1179 965 losophorum
1235 879 1493 946 similes.
1540 917 1629 936 -
1665 877 1873 946 Veros
1938 893 2011 945 tu
2072 893 2281 948 autem
2316 901 2627 966 quosnam

764 996 982 1063 dieis?
1022 1031 1117 1051 —-
1154 1001 1375 1075 Τοὺς
1433 1003 1582 1074 τῆς
1639 999 2050 1075 &andelao
2105 987 2624 1084 Φιλοδεᾶμο·

768 1101 955 1191 ναςὶ
1029 1113 1246 1180 illos
1298 1132 1544 1194 voco,
1607 1115 1758 1199 qm·
1821 1091 2237 1201 specta'ro‘
2281 1116 2621 1182 verita·

757 1245 919 1296 tem
978 1224 1410 1296 amatum.
1496 1229 1808 1296 Praeclara
1862 1229 2208 1313 sententia,
2248 1232 2427 1316 cujus
2483 1230 2617 1297 hoc

759 1347 827 1415 in
883 1335 1216 1429 sermone,
1276 1347 1402 1413 hoc
1460 1349 1655 1442 loco,
1716 1345 1868 1412 mira
1930 1360 2029 1413 est
2080 1344 2183 1412 vis
2233 1359 2299 1412 et
2338 1345 2617 1412 cinctori-

757 1480 882 1532 tns.
964 1466 1110 1553 Qua
1173 1479 1378 1532 tamen
1446 1482 1578 1531 non
1638 1462 1792 1530 satis
1837 1476 2170 1529 contentus
2232 1461 2611 1530 Adimantus

759 1587 892 1651 iem
931 1582 1118 1669 cupit
1171 1571 1379 1649 fusius
1441 1579 1761 1665 explicari.
1847 1579 2053 1646 Recte
2103 1577 2352 1661 quidem
2399 1579 2621 1662 istud,

759 1701 1014 1784 inquit3
1082 1702 1195 1766 sed
1256 1719 1388 1782 quo
1435 1699 1498 1766 id
1548 1698 1741 1765 modo
1788 1696 2061 1782 explices
2085 1695 2121 1761 2
2185 1695 2356 1763 Tum
2397 1695 2622 1764 Socra-

759 1827 897 1896 tes,
943 1814 1108 1879 haud
1156 1811 1342 1879 facile
1401 1814 1648 1895 quidem
1670 1860 1696 1895 ,
1738 1815 2125 1897 respondet,
2168 1813 2234 1880 id
2272 1813 2374 1880 alii
2420 1816 2626 1900 expli·

752 1948 927 2012 cem3
972 1927 1086 1996 sed
1133 1942 1196 1995 te
1249 1927 1401 1994 mihi
1451 1943 1610 2012 puto
1646 1929 1773 1995 hoc
1810 1930 2121 1997 continuo
2173 1932 2482 2000 demtum.
2524 1972 2617 1989 -

752 2046 931 2137 Quid
981 2042 1198 2114 istud?
1270 2079 1365 2099 —-
1443 2044 1611 2112 Cum
1664 2043 1837 2129 turpi
1888 2046 2279 2114 contrarium
2339 2047 2423 2114 sit
2464 2051 2617 2132 pul-

754 2185 973 2248 crum,
1015 2163 1145 2230 duo
1193 2162 1298 2229 ina
1355 2178 1520 2229 esse.
1586 2197 1682 2217 -
1737 2162 2024 2252 Quidni?
2065 2199 2160 2219 -
2198 2143 2447 2253 Quodsi
2483 2167 2621 2234 duo

753 2294 940 2361 sunt,
984 2295 1179 2346 unum
1215 2294 1355 2343 esse
1384 2291 1749 2360 utrumque.
1793 2281 1888 2332 -“-
1922 2278 2014 2345 Et
2049 2280 2173 2345 hoc
2209 2278 2328 2346 tibi
2369 2280 2479 2348 do.
2523 2317 2622 2335 —

750 2397 921 2464 Esse
974 2408 1182 2462 autem
1245 2393 1503 2461 eandem
1538 2394 1697 2479 justi
1733 2409 1801 2462 et
1842 2395 2104 2481 injusti,
2145 2396 2303 2465 boni
2330 2412 2395 2466 et
2429 2399 2623 2481 mali,

750 2511 1032 2581 omnium
1082 2511 1357 2577 idearum
1408 2510 1709 2579 rationem
1737 2559 1763 2595 ,
1806 2511 2017 2597 ipsum
2062 2513 2311 2597 quidem
2364 2515 2622 2599 quodli-

749 2629 861 2698 bet
918 2648 1116 2697 unum
1176 2646 1318 2696 esse
1338 2675 1364 2710 ,
1450 2628 1896 2697 communione
1948 2647 2103 2698 vero
2160 2650 2307 2698 cum
2354 2631 2625 2698 actioni·

753 2747 877 2818 bns
898 2800 920 2827 ‚
957 2766 1105 2816 cum
1148 2745 1337 2814 rebus
1382 2744 1714 2830 corporeis
1759 2757 1825 2813 et
1855 2764 2068 2814 secum
2106 2745 2407 2828 invicem,
2455 2751 2657 2830 quae'

752 2865 968 2930 ubivis
1021 2877 1323 2947 apparent
1379 2861 1552 2931 ναι-ἠ
1610 2863 1866 2948 specie,
1906 2883 2039 2932 non
2080 2884 2279 2933 unum
2321 2863 2568 2950 singula
2588 2911 2615 2946 ‚

751 2980 864 3047 sed
915 2980 1095 3063 plura
1163 2979 1390 3046 videri.
1447 2957 1543 3033 -ὲ-
1598 2979 1804 3045 Recte
1855 2981 2037 3045 dicis.
2101 3020 2192 3034 —
2250 2982 2392 3047 Hac
2437 2980 2622 3062 equi-

756 3098 898 3166 dem
959 3094 1204 3163 tatione
1263 3095 1584 3181 distinguo
1652 3092 1795 3159 illos
1833 3110 2164 3160 secernens
2190 3138 2219 3175 ,
2257 3111 2422 3177 quos
2474 3113 2620 3161 mo·

752 3211 838 3276 do
904 3211 1259 3278 memorasti
1285 3258 1311 3294 ,
1353 3208 1851 3296 spectaculorum
1904 3207 2260 3291 artiumque
2306 3221 2614 3279 amatores

750 3343 944 3414 atque
998 3329 1063 3396 in
1119 3329 1305 3396 rebus
1361 3326 1618 3414 agendis
1681 3339 2046 3407 versantes,
2108 3339 2249 3393 tum
2298 3327 2419 3392 hos
2446 3372 2473 3409 ,
2532 3327 2619 3396 de

753 3447 985 3532 quibus
1032 3463 1198 3512 nunc
1260 3462 1470 3512 sermo
1511 3457 1611 3511 est
1630 3491 1656 3527 ‚
1701 3462 1865 3526 quos
1922 3445 2100 3510 solos
2152 3443 2299 3528 quis
2336 3442 2459 3510 rite
2497 3463 2615 3511 vo·

751 3565 986 3634 caverit
1016 3566 1409 3650 φιλοσόφους.
1434 3597 1528 3618 -
1565 3561 1710 3648 Qua
1742 3559 1896 3629 illud
1927 3559 2169 3628 ratione
2210 3559 2486 3631 definis?
2526 3597 2615 3615 —-

751 3681 885 3766 Qui
919 3687 1190 3772 φιλήκοοι
1228 3691 1379 3746 sunt
1413 3693 1479 3744 et
1509 3681 1939 3765 φιλοθεάμονες
1962 3725 1988 3760 ,
2034 3679 2149 3762 qui
2184 3679 2392 3747 omnia
2434 3697 2622 3761 spec·

753 3807 890 3862 tare
941 3811 1004 3862 et
1053 3798 1266 3865 audire
1329 3795 1632 3880 cupiunt,
1676 3795 1918 3877 pulcris
1969 3794 2034 3860 hi
2092 3808 2161 3862 ct
2219 3795 2478 3865 vocibus
2546 3811 2615 3865 et

741 3929 754 3936 ·
804 3911 833 4008 ,;
1223 3907 1232 3914 ·
2505 3929 2615 3978 eo-

826 4046 908 4117 (ι)
933 4043 1035 4097 ‚De
1068 4045 1201 4114 nep.
1241 4045 1316 4102 ν.
1351 4049 1453 4120 475
1491 4048 1563 4101 n.
1605 4047 1672 4102 n.
2486 4027 2498 4040 '
