2792 5167
939 472 1331 538 ...157-

152 639 257 706 in
302 639 518 705 animo
562 637 876 717 hominis,
920 638 1027 703 ubi
1070 640 1147 704 ad
1190 638 1460 722 pejorem
1504 635 1920 702 conditionem
1962 634 2057 699 in·

152 753 391 821 clinat
426 773 498 820 ac
543 773 784 836 pronus
828 754 1048 820 deinde
1088 773 1512 837 praecepsque
1565 752 1860 837 proruit,
1914 753 2054 817 luce

158 873 435 939 clarius
492 871 1070 938 animadvertamus.
1191 872 1437 948 Mitto,
1503 870 1579 934 de
1646 869 1878 953 quibus
1931 870 2054 954 iam

170 989 474 1068 monui,
533 989 648 1052 tria
709 987 813 1052 illa
872 988 935 1052 iu
997 987 1201 1052 animo
1245 986 1561 1063 hominis,
1603 990 1674 1055 τὸ
1713 990 2056 1067 myream,

177 1109 506 1188 θυμοειδὲς
568 1119 631 1169 et
689 1107 1142 1186 ἐπιθυμητικῶς
1173 1122 1472 1184 .quorum
1532 1101 1595 1167 in
1641 1102 1882 1185 optimo
1919 1100 2057 1166 viro

178 1238 589 1286 consensum
633 1236 694 1284 et
736 1219 798 1286 in
841 1235 1140 1303 corrupto
1181 1220 1530 1284 dissensum
1588 1239 1657 1285 ac
1713 1215 1905 1283 veluti
1958 1231 2059 1281 tu-

182 1338 452 1403 multus
510 1349 571 1401 et
631 1335 1013 1416 seditiones,
1080 1335 1201 1401 nisi
1242 1335 1564 1401 civitatum
1607 1333 1878 1402 adhibita
1921 1352 2065 1417 spe·

178 1451 350 1532 cie,
412 1466 578 1516 tanta
639 1451 823 1517 nobis
884 1453 1325 1535 perspicuitate
1379 1453 1605 1517 docere
1643 1467 1772 1515 non
1814 1450 2058 1534 potuis,-

186 1585 352 1651 set;
400 1570 571 1651 quod
615 1586 763 1634 vero
805 1568 989 1634 animi
1032 1569 1452 1635 dubitationes
1492 1567 1754 1648 attinet,
1810 1565 1919 1631 ubi
1963 1563 2059 1632 di-

184 1685 406 1752 versis
468 1685 784 1768 agitatur,
850 1703 1016 1752 nunc
1074 1685 1140 1750 in
1204 1685 1567 1762 meliorem,
1626 1697 1755 1748 tum
1802 1683 2058 1749 veroin

188 1801 578 1867 deteriorem
636 1815 869 1883 partem
899 1847 922 1880 ,
977 1799 1242 1881 studiis,
1288 1800 1567 1882 illudque
1607 1818 1820 1883 reapse
1861 1797 2060 1882 perci-

192 1916 344 1999 pit:

779 2059 900 2073 —
935 2034 1091 2084 video
1126 2032 1358 2086 meliora
1383 2032 1700 2104 proboque,

609 2129 887 2182 deteriora
914 2149 1149 2202 sequor.-

210 2277 353 2341 quo
414 2260 567 2325 illud
618 2277 805 2342 pacto
847 2276 969 2326 tam
1013 2261 1199 2328 nobis
1241 2260 1573 2329 manifesto
1614 2261 2064 2342 diligenterque

208 2375 534 2461 potuisset
590 2377 1056 2459 demonstrare,
1139 2397 1322 2460 quam
1405 2378 1497 2444 uti
1559 2377 1710 2444 fecit
1735 2425 1760 2459 ‚
1820 2377 2070 2443 civitate

210 2493 404 2560 nobis
462 2495 538 2560 ad
596 2495 999 2576 spectandum
1061 2495 1388 2578 proposita
1416 2541 1436 2575 ,
1498 2514 1656 2577 quae
1708 2511 1837 2560 non
1897 2512 2064 2576 una,

210 2611 327 2676 sed
385 2610 450 2674 in
506 2610 660 2675 duas
725 2624 890 2676 esset
947 2626 1151 2693 partes
1210 2612 1554 2679 distracta?
1629 2612 1848 2696 Quid?
1893 2612 2069 2694 quod

212 2743 347 2791 non
389 2728 595 2792 solum
636 2731 929 2810 θυμοειδές
969 2727 1169 2808 illud,
1236 2732 1407 2811 quod
1458 2728 1646 2796 nobis
1690 2730 1894 2808 inest,
1936 2750 2071 2795 cus·

215 2842 452 2909 todibus
525 2843 844 2925 civitatis,
922 2847 1031 2910 sed
1113 2846 1483 2928 cupiditates
1565 2846 1741 2912 etiam
1820 2861 2068 2911 nostras

219 2957 615 3025 multitudini
653 2960 1089 3042 comparavit?
1173 2961 1244 3026 In
1290 2961 1704 3028 seditionibus
1742 2963 2066 3028 civitatum

220 3093 290 3139 ac
346 3092 673 3157 regnorum
729 3076 884 3157 quid
924 3076 1142 3142 efficiat
1183 3075 1315 3144 fere
1355 3080 1690 3145 multitudo
1733 3079 2070 3146 vilissimo-

222 3208 481 3271 rumque
555 3191 873 3256 hominurn
954 3191 1135 3256 turba
1200 3211 1259 3258 et
1321 3195 1674 3274 colluvies,
1726 3195 2063 3263 novimus:

222 3306 373 3387 quid
410 3322 612 3372 autem
655 3306 730 3371 ad
765 3306 1130 3390 agitationes
1161 3309 1346 3374 animi
1381 3309 1778 3391 internasque
1815 3313 2073 3377 seditio-

228 3442 336 3488 nes
372 3425 837 3508 cognoscendas
882 3425 1186 3506 interius,
1240 3425 1514 3491 adhiberi
1569 3429 1777 3509 aptius
1818 3428 2073 3492 efficaci·

231 3561 425 3623 usque
507 3557 760 3625 potest,
846 3562 1031 3625 quam
1093 3544 1314 3611 civitas
1374 3545 1747 3609 tumultibus
1796 3546 2070 3625 agitata?

225 3657 361 3725 Nec
415 3678 567 3725 vero
630 3657 810 3727 finxit
867 3658 1114 3743 ingenio
1158 3661 1331 3726 Plato
1374 3661 1529 3725 hanc
1573 3657 1759 3724 animi
1801 3679 1944 3725 cum
1988 3661 2076 3725 ci·

227 3775 408 3842 vitate
470 3776 1033 3859 comparationemz
1101 3774 1373 3857 reposita
1426 3791 1520 3840 est
1565 3775 1628 3838 in
1674 3775 1909 3844 nullius
1945 3794 2072 3842 non

227 3894 466 3972 linguae
508 3893 772 3957 vocibus
826 3890 1378 3973 dictionibusque,
1443 3910 1597 3971 quae
1638 3911 1672 3954 a
1714 3887 2071 3960 civitatibus

229 4012 436 4076 ductae
478 4011 553 4074 ad
595 4009 779 4074 animi
836 4025 1045 4073 motus
1090 4007 1373 4073 diversos
1417 4004 1856 4089 significandos
1899 4008 2071 4071 adhi-

1925 4125 2077 4186 bet-
