2792 5167
1483 496 1826 558 ...28—

719 676 843 755 sit,
886 690 1015 742 non
1057 676 1137 741 de
1176 674 1425 760 justitia
1472 677 1621 759 egit.
1653 674 1737 744 (ι)
1828 676 1953 742 Hic
2009 689 2209 742 autem
2244 674 2600 751 ⁸Socratici

717 792 955 857 ratione
997 790 1223 869 nobis,
1276 793 1451 873 quod
1497 792 1565 857 in
1612 792 1849 860 Politia
1904 791 2179 860 instituit
2235 792 2412 859 Plato
2436 839 2461 872 ,
2509 790 2600 857 de

715 906 848 974 vita
880 909 1057 975 beata
1081 954 1105 988 ,
1145 924 1207 975 et
1243 906 1499 975 omnino
1535 928 1675 975 eum
1706 909 1767 975 in
1812 910 2065 975 modum
2107 910 2406 993 agendum
2434 924 2588 989 est,

719 1040 834 1107 ut,
901 1026 1054 1109 quid
1099 1024 1185 1091 sit
1248 1024 1310 1090 in
1367 1025 1572 1091 animo
1634 1025 1908 1092 hominis
1956 1025 2238 1106 iustitia,
2300 1044 2377 1092 ex
2436 1026 2588 1109 ipsa

714 1142 901 1209 animi
946 1146 1164 1209 natura
1212 1144 1615 1226 explicemus.
1723 1143 2073 1225 Explorate
2134 1141 2328 1225 igitur
2378 1143 2585 1208 multo

714 1250 1073 1334 diligentius
1135 1248 1567 1332 interiusque,
1611 1269 1794 1333 quam
1843 1249 2044 1316 adhuc
2094 1248 2359 1315 fecimus
2384 1294 2412 1328 ,
2451 1249 2595 1315 ani·

719 1385 891 1432 mum
933 1365 1200 1438 decebit.
1285 1365 1713 1433 Discrevimus
1746 1368 1868 1451 jam
1922 1367 1989 1432 in
2024 1385 2100 1433 eo
2143 1387 2181 1434 a
2225 1365 2597 1450 cupiditati-

721 1484 842 1551 bus
873 1483 1211 1566 rationem,
1254 1484 1359 1551 cui
1395 1502 1609 1568 parere
1648 1484 1803 1550 istae
1839 1483 2100 1553 debent:
2147 1486 2390 1550 socium
2431 1483 2584 1549 item

719 1601 1177 1685 cupiditatum,
1253 1602 1366 1667 sed
1430 1601 1542 1683 qui
1601 1600 1757 1667 idem
1824 1601 2081 1668 rationis
2143 1600 2427 1668 minister
2476 1600 2587 1667 ad·

717 1719 1020 1803 jutorque
1075 1731 1216 1797 est,
1261 1717 1815 1800 deprehendimus:
1907 1720 2069 1785 unde
2109 1734 2313 1801 partes
2358 1716 2591 1797 animi,

720 1853 877 1917 quas
924 1848 1108 1901 vocat
1151 1836 1325 1901 Plato
1345 1882 1370 1916 ,
1429 1840 1499 1908 τὸ
1538 1838 1954 1919 ἐπιθυμητικὸν
1992 1855 2062 1902 ac
2100 1839 2373 1918 λογικὸν,
2428 1853 2595 1915 qua-

722 1955 822 2019 les
858 1951 1027 2032 sint,
1089 1969 1468 2035 cognoscere
1511 1955 1637 2037 jam
1693 1952 2044 2035 coepimus.
2162 1951 2397 2021 verum
2454 1963 2596 2016 ter·

723 2067 871 2134 tiam
923 2066 978 2133 is
1040 2081 1271 2150 partem
1329 2066 1554 2152 adjecit
1617 2066 1792 2148 illis,
1875 2073 1946 2140 τὸ
2008 2071 2340 2152 θυμοειδὴς
2430 2067 2592 2133 haec

729 2203 881 2251 vero
943 2185 1265 2263 nondum,
1342 2203 1505 2266 quae
1564 2182 1647 2248 sit
1704 2199 1769 2251 et
1821 2186 2068 2268 qualis,
2133 2197 2303 2267 patet
2362 2184 2592 2251 nobis:

730 2317 903 2369 certe
957 2321 1073 2368 nec
1127 2302 1414 2369 Socrates
1463 2318 1595 2367 earn
1650 2299 1717 2367 in
1768 2302 2005 2384 hymno
2041 2301 2320 2384 amoris,
2360 2319 2476 2368 nec
2527 2301 2592 2367 in

733 2419 920 2486 senili
967 2437 1251 2484 sermone
1295 2417 1549 2500 Hospes
1595 2417 2001 2484 Atheniensis
2052 2419 2307 2485 nomine
2368 2437 2595 2484 meno·

699 2538 921 2603 ravit.
1050 2535 1147 2601 Ur
1188 2552 1336 2599 vero
1383 2553 1526 2601 cum
1578 2548 1846 2600 caeteras
1894 2534 2204 2615 virtutes,
2249 2550 2383 2602 tum
2412 2534 2599 2620 justi-

735 2651 881 2716 tiam
937 2667 1379 2731 assequamur,
1436 2652 1726 2732 θυμοειδὲς
1789 2648 1944 2714 illud
2000 2649 2065 2715 in
2117 2649 2328 2716 animo
2374 2666 2595 2718 nostro

738 2786 867 2833 non
920 2770 1127 2832 minus
1148 2810 1172 2844 ,
1236 2784 1422 2848 quam
1477 2770 1577 2837 τὸν
1617 2770 1796 2848 λόγον
1848 2786 1918 2832 ac
1959 2771 2028 2837 τὸ
2068 2771 2485 2851 ἐπιθυμητικὸν
2534 2782 2599 2833 et

740 2901 1121 2967 cognoscere
1163 2883 1370 2964 ipsum
1423 2899 1486 2947 et
1530 2882 1606 2947 ab
1651 2883 1749 2948 his
1792 2884 2140 2951 discernere
2176 2884 2596 2951 debuerimus.

742 3002 940 3068 Mitto
1002 3015 1278 3080 caetera;
1389 2999 1543 3079 sed,
1609 3001 1781 3080 quod
1832 3000 2147 3095 diximus,
2208 3004 2601 3086 conjunctam

744 3119 910 3202 apud
961 3116 1277 3181 Platonem
1335 3134 1481 3181 curn
1544 3117 1756 3182 morali
1808 3117 2092 3184 doctrina
2138 3120 2455 3202 politicam
2504 3139 2604 3187 es-

747 3256 858 3316 se,
904 3235 968 3299 id
1012 3252 1085 3299 ex
1135 3231 1302 3297 omni
1356 3232 1470 3299 hac
1518 3249 1736 3300 nostra
1793 3236 2113 3317 superiore
2160 3236 2606 3321 disceptatione

749 3350 916 3416 haud
983 3346 1162 3414 facile
1227 3348 1505 3414 duxeris.
1638 3350 1799 3417 Sunt
1845 3350 2085 3416 scilicet
2130 3352 2376 3434 poetica
2439 3352 2605 3434 fere,

754 3488 914 3552 quae
965 3469 1264 3533 hactenus
1317 3466 1674 3546 attulimus,
1739 3468 1803 3532 in
1867 3467 2098 3565 quibus
2157 3485 2405 3537 exstant
2455 3468 2613 3536 forte

757 3606 1017 3663 eorum,
1085 3602 1243 3667 quae
1278 3584 1723 3666 investigamus
1750 3631 1773 3664 ,
1837 3585 2186 3668 principia,
2230 3588 2343 3652 sed
2386 3589 2615 3665 latent,

759 3718 966 3783 certe,
1005 3716 1076 3766 ut
1126 3717 1458 3785 appareant
1491 3700 1792 3781 dilucide,
1835 3702 2081 3768 aliunde
2122 3701 2371 3769 videtur
2412 3706 2620 3769 lumen

759 3817 1174 3885 adhibendum
1220 3835 1383 3883 esse.
1515 3817 1979 3902 Quamobrem,
2019 3837 2170 3901 age,
2214 3818 2390 3885 aliam
2450 3817 2628 3885 insti·

2497 3950 2634 4003 tua-

848 4084 927 4155 (ι)
967 4080 1043 4135 V.
1080 4079 1204 4136 Vol.
1235 4080 1319 4134 11.
1353 4078 1415 4136 P.
1441 4081 1552 4136 111.
1589 4098 1646 4149 p.
1674 4097 1794 4138 ιη.
