<?xml version="1.0" encoding="UTF-8"?>
<!DOCTYPE html PUBLIC "-//W3C//DTD XHTML 1.0 Transitional//EN"
    "http://www.w3.org/TR/xhtml1/DTD/xhtml1-transitional.dtd">
<html xmlns="http://www.w3.org/1999/xhtml" xml:lang="en" lang="en">
 <head>
  <title>
</title>
<meta http-equiv="Content-Type" content="text/html;charset=utf-8" />
  <meta name='ocr-system' content='tesseract 3.04.00' />
  <meta name='ocr-capabilities' content='ocr_page ocr_carea ocr_par ocr_line ocrx_word'/>
</head>
<body>
  <div class='ocr_page' id='page_1' title='image "./initiaphilosoph05heusgoog_0645.png"; bbox 0 0 2792 5167; ppageno 0'>
   <div class='ocr_carea' id='block_1_1' title="bbox 1450 462 1798 526">
    <p class='ocr_par' dir='ltr' id='par_1_1' title="bbox 1450 462 1798 526">
     <span class='ocr_line' id='line_1_1' title="bbox 1450 462 1798 526; baseline 0.006 -31"><span class='ocrx_word' id='word_1_1' title='bbox 1450 462 1798 526; x_wconf 69' lang='lat'>..14-</span> 
     </span>
    </p>
   </div>
   <div class='ocr_carea' id='block_1_2' title="bbox 675 626 2553 2569">
    <p class='ocr_par' dir='ltr' id='par_1_2' title="bbox 675 626 2553 2569">
     <span class='ocr_line' id='line_1_2' title="bbox 677 626 2553 711; baseline 0.001 -18"><span class='ocrx_word' id='word_1_2' title='bbox 677 630 813 711; x_wconf 71' lang='lat' dir='ltr'>Jora</span> <span class='ocrx_word' id='word_1_3' title='bbox 863 628 1274 711; x_wconf 71' lang='lat' dir='ltr'>praeparatio.</span> <span class='ocrx_word' id='word_1_4' title='bbox 1407 627 1623 693; x_wconf 82' lang='lat' dir='ltr'>Patere</span> <span class='ocrx_word' id='word_1_5' title='bbox 1661 626 1825 695; x_wconf 88' lang='lat' dir='ltr'>enim</span> <span class='ocrx_word' id='word_1_6' title='bbox 1875 626 2117 695; x_wconf 86' lang='lat' dir='ltr'>homini</span> <span class='ocrx_word' id='word_1_7' title='bbox 2131 627 2211 693; x_wconf 82' lang='lat' dir='ltr'>ad</span> <span class='ocrx_word' id='word_1_8' title='bbox 2258 641 2553 694; x_wconf 82' lang='lat' dir='ltr'>sanctum</span> 
     </span>
     <span class='ocr_line' id='line_1_3' title="bbox 681 741 2544 829; baseline 0 -18"><span class='ocrx_word' id='word_1_9' title='bbox 681 744 1088 828; x_wconf 80' lang='lat' dir='ltr'>divinumque</span> <span class='ocrx_word' id='word_1_10' title='bbox 1143 745 1382 811; x_wconf 84' lang='lat' dir='ltr'>aditum</span> <span class='ocrx_word' id='word_1_11' title='bbox 1438 759 1662 829; x_wconf 78' lang='lat' dir='ltr'>negat,</span> <span class='ocrx_word' id='word_1_12' title='bbox 1706 741 2008 811; x_wconf 78' lang='lat' dir='ltr'>nisi-veri</span> <span class='ocrx_word' id='word_1_13' title='bbox 2048 745 2274 811; x_wconf 87' lang='lat' dir='ltr'>ductus</span> <span class='ocrx_word' id='word_1_14' title='bbox 2328 762 2544 811; x_wconf 85' lang='lat' dir='ltr'>amore</span> 
     </span>
     <span class='ocr_line' id='line_1_4' title="bbox 681 860 2540 945; baseline -0.001 -18"><span class='ocrx_word' id='word_1_15' title='bbox 681 863 758 927; x_wconf 85' lang='lat' dir='ltr'>ad</span> <span class='ocrx_word' id='word_1_16' title='bbox 814 880 1033 945; x_wconf 83' lang='lat' dir='ltr'>puram</span> <span class='ocrx_word' id='word_1_17' title='bbox 1105 861 1659 945; x_wconf 82' lang='lat' dir='ltr'>intaminatamque</span> <span class='ocrx_word' id='word_1_18' title='bbox 1728 861 2048 929; x_wconf 84' lang='lat' dir='ltr'>veritatem</span> <span class='ocrx_word' id='word_1_19' title='bbox 2114 860 2540 942; x_wconf 84' lang='lat' dir='ltr'>sinceramque</span> 
     </span>
     <span class='ocr_line' id='line_1_5' title="bbox 684 976 2536 1065; baseline -0.001 -20"><span class='ocrx_word' id='word_1_20' title='bbox 684 978 976 1045; x_wconf 69' lang='lat' dir='ltr'>vin-uatem</span> <span class='ocrx_word' id='word_1_21' title='bbox 1043 997 1114 1045; x_wconf 90' lang='lat' dir='ltr'>ac</span> <span class='ocrx_word' id='word_1_22' title='bbox 1177 978 1529 1065; x_wconf 85' lang='lat' dir='ltr'>justitiam,</span> <span class='ocrx_word' id='word_1_23' title='bbox 1604 977 1739 1047; x_wconf 86' lang='lat' dir='ltr'>sive</span> <span class='ocrx_word' id='word_1_24' title='bbox 1792 997 1905 1061; x_wconf 86' lang='lat' dir='ltr'>per</span> <span class='ocrx_word' id='word_1_25' title='bbox 1955 995 2137 1059; x_wconf 74' lang='lat' dir='ltr'>sese,</span> <span class='ocrx_word' id='word_1_26' title='bbox 2216 976 2355 1044; x_wconf 84' lang='lat' dir='ltr'>sive</span> <span class='ocrx_word' id='word_1_27' title='bbox 2417 996 2536 1062; x_wconf 84' lang='lat' dir='ltr'>per</span> 
     </span>
     <span class='ocr_line' id='line_1_6' title="bbox 685 1093 2539 1181; baseline 0 -21"><span class='ocrx_word' id='word_1_28' title='bbox 685 1110 848 1160; x_wconf 84' lang='lat' dir='ltr'>artes</span> <span class='ocrx_word' id='word_1_29' title='bbox 922 1093 1405 1177; x_wconf 74' lang='lat' dir='ltr'>disciplinasque</span> <span class='ocrx_word' id='word_1_30' title='bbox 1472 1096 1735 1181; x_wconf 83' lang='lat' dir='ltr'>majores</span> <span class='ocrx_word' id='word_1_31' title='bbox 1824 1094 2195 1178; x_wconf 84' lang='lat' dir='ltr'>processerit</span> <span class='ocrx_word' id='word_1_32' title='bbox 2216 1114 2239 1160; x_wconf 75' lang='lat' dir='ltr'>t</span> <span class='ocrx_word' id='word_1_33' title='bbox 2320 1094 2539 1161; x_wconf 87' lang='lat' dir='ltr'>statuit</span> 
     </span>
     <span class='ocr_line' id='line_1_7' title="bbox 686 1210 2540 1297; baseline 0.002 -22"><span class='ocrx_word' id='word_1_34' title='bbox 686 1228 877 1292; x_wconf 82' lang='lat' dir='ltr'>vero,</span> <span class='ocrx_word' id='word_1_35' title='bbox 943 1229 1074 1293; x_wconf 91' lang='lat' dir='ltr'>quo</span> <span class='ocrx_word' id='word_1_36' title='bbox 1119 1215 1260 1293; x_wconf 84' lang='lat' dir='ltr'>qnis</span> <span class='ocrx_word' id='word_1_37' title='bbox 1309 1213 1570 1297; x_wconf 79' lang='lat' dir='ltr'>maiores</span> <span class='ocrx_word' id='word_1_38' title='bbox 1612 1212 1727 1279; x_wconf 82' lang='lat' dir='ltr'>hae</span> <span class='ocrx_word' id='word_1_39' title='bbox 1786 1210 1853 1278; x_wconf 90' lang='lat' dir='ltr'>in</span> <span class='ocrx_word' id='word_1_40' title='bbox 1918 1231 1985 1277; x_wconf 84' lang='lat' dir='ltr'>re</span> <span class='ocrx_word' id='word_1_41' title='bbox 2032 1230 2402 1296; x_wconf 81' lang='lat' dir='ltr'>progressus</span> <span class='ocrx_word' id='word_1_42' title='bbox 2442 1210 2540 1279; x_wconf 85' lang='lat' dir='ltr'>fe·</span> 
     </span>
     <span class='ocr_line' id='line_1_8' title="bbox 685 1325 2536 1414; baseline 0.003 -23"><span class='ocrx_word' id='word_1_43' title='bbox 685 1327 837 1393; x_wconf 83' lang='lat' dir='ltr'>ecrit</span> <span class='ocrx_word' id='word_1_44' title='bbox 858 1374 882 1408; x_wconf 87' lang='lat'>‚</span> <span class='ocrx_word' id='word_1_45' title='bbox 943 1345 1019 1393; x_wconf 93' lang='lat' dir='ltr'>eo</span> <span class='ocrx_word' id='word_1_46' title='bbox 1075 1328 1246 1394; x_wconf 85' lang='lat' dir='ltr'>illum</span> <span class='ocrx_word' id='word_1_47' title='bbox 1299 1325 1546 1395; x_wconf 83' lang='lat' dir='ltr'>facilius</span> <span class='ocrx_word' id='word_1_48' title='bbox 1605 1329 1964 1414; x_wconf 72' lang='lat' dir='ltr'>certiusque</span> <span class='ocrx_word' id='word_1_49' title='bbox 2034 1329 2114 1397; x_wconf 86' lang='lat' dir='ltr'>ad</span> <span class='ocrx_word' id='word_1_50' title='bbox 2182 1328 2344 1397; x_wconf 83' lang='lat' dir='ltr'>vitae</span> <span class='ocrx_word' id='word_1_51' title='bbox 2390 1348 2536 1396; x_wconf 89' lang='lat' dir='ltr'>mo·</span> 
     </span>
     <span class='ocr_line' id='line_1_9' title="bbox 686 1445 2534 1530; baseline -0.001 -20"><span class='ocrx_word' id='word_1_52' title='bbox 686 1464 948 1528; x_wconf 87' lang='lat' dir='ltr'>rumque</span> <span class='ocrx_word' id='word_1_53' title='bbox 999 1445 1381 1512; x_wconf 75' lang='lat' dir='ltr'>sanctitatem</span> <span class='ocrx_word' id='word_1_54' title='bbox 1440 1445 1798 1530; x_wconf 72' lang='lat' dir='ltr'>pervmirez</span> <span class='ocrx_word' id='word_1_55' title='bbox 1861 1448 1939 1513; x_wconf 90' lang='lat' dir='ltr'>ad</span> <span class='ocrx_word' id='word_1_56' title='bbox 1993 1446 2149 1513; x_wconf 86' lang='lat' dir='ltr'>illud</span> <span class='ocrx_word' id='word_1_57' title='bbox 2185 1458 2386 1513; x_wconf 85' lang='lat' dir='ltr'>autem</span> <span class='ocrx_word' id='word_1_58' title='bbox 2426 1465 2534 1513; x_wconf 70' lang='lat' dir='ltr'>as0</span> 
     </span>
     <span class='ocr_line' id='line_1_10' title="bbox 687 1562 2528 1646; baseline 0.002 -19"><span class='ocrx_word' id='word_1_59' title='bbox 687 1562 1068 1645; x_wconf 80' lang='lat' dir='ltr'>sequendum</span> <span class='ocrx_word' id='word_1_60' title='bbox 1129 1580 1386 1629; x_wconf 69' lang='lat' dir='ltr'>neeesse</span> <span class='ocrx_word' id='word_1_61' title='bbox 1446 1562 1571 1646; x_wconf 82' lang='lat' dir='ltr'>ipsi</span> <span class='ocrx_word' id='word_1_62' title='bbox 1612 1580 1795 1644; x_wconf 86' lang='lat' dir='ltr'>esse,</span> <span class='ocrx_word' id='word_1_63' title='bbox 1859 1579 1930 1629; x_wconf 86' lang='lat' dir='ltr'>ut</span> <span class='ocrx_word' id='word_1_64' title='bbox 1973 1567 2109 1628; x_wconf 78' lang='lat' dir='ltr'>slve</span> <span class='ocrx_word' id='word_1_65' title='bbox 2145 1562 2353 1630; x_wconf 88' lang='lat' dir='ltr'>Deum</span> <span class='ocrx_word' id='word_1_66' title='bbox 2390 1562 2528 1631; x_wconf 77' lang='lat' dir='ltr'>sive</span> 
     </span>
     <span class='ocr_line' id='line_1_11' title="bbox 683 1677 2527 1765; baseline -0.002 -20"><span class='ocrx_word' id='word_1_67' title='bbox 683 1678 942 1761; x_wconf 81' lang='lat' dir='ltr'>perfecti</span> <span class='ocrx_word' id='word_1_68' title='bbox 975 1680 1286 1761; x_wconf 88' lang='lat' dir='ltr'>hominis,</span> <span class='ocrx_word' id='word_1_69' title='bbox 1339 1680 1669 1765; x_wconf 83' lang='lat' dir='ltr'>justissimi</span> <span class='ocrx_word' id='word_1_70' title='bbox 1699 1679 2019 1765; x_wconf 82' lang='lat' dir='ltr'>cujusdam</span> <span class='ocrx_word' id='word_1_71' title='bbox 2056 1692 2121 1744; x_wconf 86' lang='lat' dir='ltr'>et</span> <span class='ocrx_word' id='word_1_72' title='bbox 2154 1677 2527 1746; x_wconf 73' lang='lat' dir='ltr'>sanctissimi</span> 
     </span>
     <span class='ocr_line' id='line_1_12' title="bbox 683 1794 2526 1880; baseline -0.001 -19"><span class='ocrx_word' id='word_1_73' title='bbox 683 1794 1001 1878; x_wconf 77' lang='lat' dir='ltr'>imaginem</span> <span class='ocrx_word' id='word_1_74' title='bbox 1028 1843 1053 1879; x_wconf 89' lang='lat'><strong>,</strong></span> <span class='ocrx_word' id='word_1_75' title='bbox 1111 1798 1462 1879; x_wconf 80' lang='lat' dir='ltr'>exemplum</span> <span class='ocrx_word' id='word_1_76' title='bbox 1498 1796 1625 1863; x_wconf 87' lang='lat' dir='ltr'>sibi</span> <span class='ocrx_word' id='word_1_77' title='bbox 1662 1798 1740 1863; x_wconf 85' lang='lat' dir='ltr'>ad</span> <span class='ocrx_word' id='word_1_78' title='bbox 1776 1794 2137 1862; x_wconf 87' lang='lat' dir='ltr'>imitandum</span> <span class='ocrx_word' id='word_1_79' title='bbox 2176 1812 2526 1880; x_wconf 78' lang='lat' dir='ltr'>proposue-</span> 
     </span>
     <span class='ocr_line' id='line_1_13' title="bbox 679 1911 2520 1997; baseline -0.002 -18"><span class='ocrx_word' id='word_1_80' title='bbox 679 1912 789 1980; x_wconf 85' lang='lat' dir='ltr'>rit.</span> <span class='ocrx_word' id='word_1_81' title='bbox 893 1911 1094 1994; x_wconf 84' lang='lat' dir='ltr'>Prope</span> <span class='ocrx_word' id='word_1_82' title='bbox 1149 1912 1372 1979; x_wconf 75' lang='lat' dir='ltr'>iccirco</span> <span class='ocrx_word' id='word_1_83' title='bbox 1423 1932 1644 1981; x_wconf 82' lang='lat' dir='ltr'>sumus</span> <span class='ocrx_word' id='word_1_84' title='bbox 1690 1931 1800 1997; x_wconf 86' lang='lat' dir='ltr'>per</span> <span class='ocrx_word' id='word_1_85' title='bbox 1853 1913 2305 1996; x_wconf 77' lang='lat' dir='ltr'>philosophiam</span> <span class='ocrx_word' id='word_1_86' title='bbox 2356 1911 2520 1995; x_wconf 81' lang='lat' dir='ltr'>justi</span> 
     </span>
     <span class='ocr_line' id='line_1_14' title="bbox 677 2025 2516 2115; baseline 0 -20"><span class='ocrx_word' id='word_1_87' title='bbox 677 2030 756 2095; x_wconf 89' lang='lat' dir='ltr'>ad</span> <span class='ocrx_word' id='word_1_88' title='bbox 808 2034 991 2101; x_wconf 66' lang='grc' dir='ltr'><strong>τέλεα</strong></span> <span class='ocrx_word' id='word_1_89' title='bbox 1039 2028 1144 2095; x_wconf 85' lang='lat' dir='ltr'>illa</span> <span class='ocrx_word' id='word_1_90' title='bbox 1185 2045 1247 2095; x_wconf 87' lang='lat' dir='ltr'>et</span> <span class='ocrx_word' id='word_1_91' title='bbox 1286 2034 1589 2103; x_wconf 63' lang='grc' dir='ltr'>ἱππικὰ</span> <span class='ocrx_word' id='word_1_92' title='bbox 1635 2032 1994 2115; x_wconf 75' lang='lat' dir='ltr'>aoeessuri3</span> <span class='ocrx_word' id='word_1_93' title='bbox 2046 2028 2155 2097; x_wconf 82' lang='lat' dir='ltr'>sed</span> <span class='ocrx_word' id='word_1_94' title='bbox 2198 2045 2276 2093; x_wconf 91' lang='lat' dir='ltr'>eo</span> <span class='ocrx_word' id='word_1_95' title='bbox 2324 2025 2516 2095; x_wconf 87' lang='lat' dir='ltr'>nobis</span> 
     </span>
     <span class='ocr_line' id='line_1_15' title="bbox 679 2144 2522 2230; baseline 0.001 -21"><span class='ocrx_word' id='word_1_96' title='bbox 679 2144 872 2230; x_wconf 80' lang='lat' dir='ltr'>magis</span> <span class='ocrx_word' id='word_1_97' title='bbox 946 2144 1012 2212; x_wconf 90' lang='lat' dir='ltr'>in</span> <span class='ocrx_word' id='word_1_98' title='bbox 1086 2146 1154 2211; x_wconf 91' lang='lat' dir='ltr'>id</span> <span class='ocrx_word' id='word_1_99' title='bbox 1229 2145 1709 2215; x_wconf 85' lang='lat' dir='ltr'>incumbendum</span> <span class='ocrx_word' id='word_1_100' title='bbox 1762 2161 1861 2214; x_wconf 85' lang='lat' dir='ltr'>est</span> <span class='ocrx_word' id='word_1_101' title='bbox 1887 2195 1911 2229; x_wconf 89' lang='lat'>,</span> <span class='ocrx_word' id='word_1_102' title='bbox 1988 2160 2060 2213; x_wconf 88' lang='lat' dir='ltr'>ut</span> <span class='ocrx_word' id='word_1_103' title='bbox 2109 2144 2327 2212; x_wconf 87' lang='lat' dir='ltr'>lucido</span> <span class='ocrx_word' id='word_1_104' title='bbox 2387 2160 2522 2211; x_wconf 76' lang='lat' dir='ltr'>eam</span> 
     </span>
     <span class='ocr_line' id='line_1_16' title="bbox 680 2262 2523 2347; baseline -0.001 -18"><span class='ocrx_word' id='word_1_105' title='bbox 680 2263 898 2331; x_wconf 87' lang='lat' dir='ltr'>ordine</span> <span class='ocrx_word' id='word_1_106' title='bbox 955 2279 1019 2329; x_wconf 91' lang='lat' dir='ltr'>ct</span> <span class='ocrx_word' id='word_1_107' title='bbox 1069 2282 1220 2331; x_wconf 81' lang='lat' dir='ltr'>vero</span> <span class='ocrx_word' id='word_1_108' title='bbox 1271 2264 1387 2330; x_wconf 89' lang='lat' dir='ltr'>hac</span> <span class='ocrx_word' id='word_1_109' title='bbox 1434 2264 1539 2331; x_wconf 66' lang='lat' dir='ltr'>via</span> <span class='ocrx_word' id='word_1_110' title='bbox 1588 2280 1651 2331; x_wconf 86' lang='lat' dir='ltr'>et</span> <span class='ocrx_word' id='word_1_111' title='bbox 1703 2266 1943 2333; x_wconf 86' lang='lat' dir='ltr'>ratione</span> <span class='ocrx_word' id='word_1_112' title='bbox 1998 2264 2311 2333; x_wconf 81' lang='lat' dir='ltr'>tradamus</span> <span class='ocrx_word' id='word_1_113' title='bbox 2334 2309 2361 2345; x_wconf 88' lang='lat'><strong>‚</strong></span> <span class='ocrx_word' id='word_1_114' title='bbox 2402 2262 2523 2347; x_wconf 87' lang='lat' dir='ltr'>&#39;qua</span> 
     </span>
     <span class='ocr_line' id='line_1_17' title="bbox 679 2378 2520 2465; baseline -0.001 -17"><span class='ocrx_word' id='word_1_115' title='bbox 679 2382 760 2448; x_wconf 93' lang='lat' dir='ltr'>ad</span> <span class='ocrx_word' id='word_1_116' title='bbox 829 2381 1034 2448; x_wconf 87' lang='lat' dir='ltr'>omnis</span> <span class='ocrx_word' id='word_1_117' title='bbox 1096 2380 1529 2465; x_wconf 82' lang='lat' dir='ltr'>philosophiae</span> <span class='ocrx_word' id='word_1_118' title='bbox 1607 2381 1785 2449; x_wconf 82' lang='lat' dir='ltr'>finem</span> <span class='ocrx_word' id='word_1_119' title='bbox 1842 2400 2151 2449; x_wconf 85' lang='lat' dir='ltr'>summum</span> <span class='ocrx_word' id='word_1_120' title='bbox 2198 2378 2520 2465; x_wconf 79' lang='lat' dir='ltr'>pervenire</span> 
     </span>
     <span class='ocr_line' id='line_1_18' title="bbox 675 2498 1493 2569; baseline 0 -6"><span class='ocrx_word' id='word_1_121' title='bbox 675 2498 1024 2565; x_wconf 87' lang='lat' dir='ltr'>certissime</span> <span class='ocrx_word' id='word_1_122' title='bbox 1063 2498 1246 2566; x_wconf 89' lang='lat' dir='ltr'>nobis</span> <span class='ocrx_word' id='word_1_123' title='bbox 1287 2500 1493 2569; x_wconf 77' lang='lat' dir='ltr'>liceat.</span> 
     </span>
    </p>
   </div>
   <div class='ocr_carea' id='block_1_3' title="bbox 1173 2730 2038 2800">
    <p class='ocr_par' dir='ltr' id='par_1_3' title="bbox 1173 2730 2038 2800">
     <span class='ocr_line' id='line_1_19' title="bbox 1173 2730 2038 2800; baseline 0.005 -4"><span class='ocrx_word' id='word_1_124' title='bbox 1173 2730 1288 2798; x_wconf 76' lang='lat' dir='ltr'>Dc</span> <span class='ocrx_word' id='word_1_125' title='bbox 1349 2734 1626 2797; x_wconf 70' lang='lat' dir='ltr'>animi</span> <span class='ocrx_word' id='word_1_126' title='bbox 1686 2747 2038 2800; x_wconf 71' lang='lat' dir='ltr'>natura.</span> 
     </span>
    </p>
   </div>
   <div class='ocr_carea' id='block_1_4' title="bbox 669 2964 2521 3984">
    <p class='ocr_par' dir='ltr' id='par_1_4' title="bbox 669 2964 2521 3984">
     <span class='ocr_line' id='line_1_20' title="bbox 761 2964 2518 3050; baseline 0.001 -20"><span class='ocrx_word' id='word_1_127' title='bbox 761 2966 1142 3033; x_wconf 84' lang='lat' dir='ltr'>ordiendum</span> <span class='ocrx_word' id='word_1_128' title='bbox 1209 2966 1396 3032; x_wconf 85' lang='lat' dir='ltr'>nobis</span> <span class='ocrx_word' id='word_1_129' title='bbox 1457 2969 1667 3037; x_wconf 86' lang='lat' dir='ltr'>denuo</span> <span class='ocrx_word' id='word_1_130' title='bbox 1709 2982 1773 3034; x_wconf 91' lang='lat' dir='ltr'>et</span> <span class='ocrx_word' id='word_1_131' title='bbox 1813 2968 1917 3035; x_wconf 86' lang='lat' dir='ltr'>hlc</span> <span class='ocrx_word' id='word_1_132' title='bbox 1956 2967 2203 3050; x_wconf 87' lang='lat' dir='ltr'>quidem</span> <span class='ocrx_word' id='word_1_133' title='bbox 2258 2964 2518 3033; x_wconf 85' lang='lat' dir='ltr'>maxime</span> 
     </span>
     <span class='ocr_line' id='line_1_21' title="bbox 673 3080 2515 3167; baseline 0.002 -21"><span class='ocrx_word' id='word_1_134' title='bbox 673 3100 709 3146; x_wconf 90' lang='lat' dir='ltr'>a</span> <span class='ocrx_word' id='word_1_135' title='bbox 747 3080 1063 3149; x_wconf 85' lang='lat' dir='ltr'>nobismet</span> <span class='ocrx_word' id='word_1_136' title='bbox 1105 3082 1260 3167; x_wconf 84' lang='lat' dir='ltr'>ipsis</span> <span class='ocrx_word' id='word_1_137' title='bbox 1302 3097 1366 3148; x_wconf 88' lang='lat' dir='ltr'>et</span> <span class='ocrx_word' id='word_1_138' title='bbox 1410 3083 1597 3151; x_wconf 85' lang='lat' dir='ltr'>animi</span> <span class='ocrx_word' id='word_1_139' title='bbox 1636 3084 1838 3150; x_wconf 82' lang='lat' dir='ltr'>nostrl</span> <span class='ocrx_word' id='word_1_140' title='bbox 1874 3085 2092 3153; x_wconf 69' lang='lat' dir='ltr'>natura</span> <span class='ocrx_word' id='word_1_141' title='bbox 2125 3081 2268 3149; x_wconf 80' lang='lat' dir='ltr'>erit.</span> <span class='ocrx_word' id='word_1_142' title='bbox 2351 3083 2515 3151; x_wconf 84' lang='lat' dir='ltr'>Nam</span> 
     </span>
     <span class='ocr_line' id='line_1_22' title="bbox 673 3199 2521 3289; baseline 0.001 -25"><span class='ocrx_word' id='word_1_143' title='bbox 673 3199 1249 3289; x_wconf 84' lang='lat' dir='ltr'>quomodocunque</span> <span class='ocrx_word' id='word_1_144' title='bbox 1303 3199 1379 3266; x_wconf 91' lang='lat' dir='ltr'>de</span> <span class='ocrx_word' id='word_1_145' title='bbox 1444 3200 1573 3267; x_wconf 70' lang='lat' dir='ltr'>vita</span> <span class='ocrx_word' id='word_1_146' title='bbox 1626 3199 1807 3269; x_wconf 61' lang='lat' dir='ltr'>beata</span> <span class='ocrx_word' id='word_1_147' title='bbox 1863 3200 2332 3269; x_wconf 83' lang='lat' dir='ltr'>existimandum</span> <span class='ocrx_word' id='word_1_148' title='bbox 2370 3217 2521 3265; x_wconf 88' lang='lat' dir='ltr'>cen·</span> 
     </span>
     <span class='ocr_line' id='line_1_23' title="bbox 675 3314 2515 3403; baseline -0.001 -21"><span class='ocrx_word' id='word_1_149' title='bbox 675 3337 919 3384; x_wconf 88' lang='lat' dir='ltr'>scamus</span> <span class='ocrx_word' id='word_1_150' title='bbox 941 3364 966 3400; x_wconf 89' lang='lat'><strong>,</strong></span> <span class='ocrx_word' id='word_1_151' title='bbox 1008 3315 1142 3391; x_wconf 76' lang='lat' dir='ltr'>sive</span> <span class='ocrx_word' id='word_1_152' title='bbox 1197 3335 1329 3383; x_wconf 85' lang='lat' dir='ltr'>eam</span> <span class='ocrx_word' id='word_1_153' title='bbox 1391 3337 1428 3383; x_wconf 90' lang='lat' dir='ltr'>a</span> <span class='ocrx_word' id='word_1_154' title='bbox 1483 3317 1748 3403; x_wconf 68' lang='lat' dir='ltr'>physica</span> <span class='ocrx_word' id='word_1_155' title='bbox 1789 3314 2055 3383; x_wconf 86' lang='lat' dir='ltr'>hominis</span> <span class='ocrx_word' id='word_1_156' title='bbox 2076 3362 2100 3397; x_wconf 88' lang='lat'>‚</span> <span class='ocrx_word' id='word_1_157' title='bbox 2167 3335 2347 3398; x_wconf 87' lang='lat' dir='ltr'>quam</span> <span class='ocrx_word' id='word_1_158' title='bbox 2398 3334 2515 3383; x_wconf 83' lang='lat' dir='ltr'>vo·</span> 
     </span>
     <span class='ocr_line' id='line_1_24' title="bbox 671 3432 2516 3516; baseline -0.001 -18"><span class='ocrx_word' id='word_1_159' title='bbox 671 3448 862 3514; x_wconf 82' lang='lat' dir='ltr'>cant,</span> <span class='ocrx_word' id='word_1_160' title='bbox 926 3435 1059 3500; x_wconf 83' lang='lat' dir='ltr'>sive</span> <span class='ocrx_word' id='word_1_161' title='bbox 1111 3453 1147 3499; x_wconf 91' lang='lat' dir='ltr'>a</span> <span class='ocrx_word' id='word_1_162' title='bbox 1205 3434 1423 3500; x_wconf 88' lang='lat' dir='ltr'>morali</span> <span class='ocrx_word' id='word_1_163' title='bbox 1478 3435 1841 3501; x_wconf 87' lang='lat' dir='ltr'>conditione</span> <span class='ocrx_word' id='word_1_164' title='bbox 1886 3432 2391 3516; x_wconf 77' lang='lat' dir='ltr'>repetiverimus‚</span> <span class='ocrx_word' id='word_1_165' title='bbox 2442 3447 2516 3497; x_wconf 89' lang='lat' dir='ltr'>ut</span> 
     </span>
     <span class='ocr_line' id='line_1_25' title="bbox 672 3547 2515 3636; baseline -0.002 -19"><span class='ocrx_word' id='word_1_166' title='bbox 672 3569 842 3618; x_wconf 87' lang='lat' dir='ltr'>recte</span> <span class='ocrx_word' id='word_1_167' title='bbox 875 3553 953 3617; x_wconf 88' lang='lat' dir='ltr'>de</span> <span class='ocrx_word' id='word_1_168' title='bbox 989 3571 1056 3616; x_wconf 90' lang='lat' dir='ltr'>re</span> <span class='ocrx_word' id='word_1_169' title='bbox 1091 3549 1454 3634; x_wconf 74' lang='lat' dir='ltr'>gravissima</span> <span class='ocrx_word' id='word_1_170' title='bbox 1482 3550 1873 3636; x_wconf 85' lang='lat' dir='ltr'>judicemus,</span> <span class='ocrx_word' id='word_1_171' title='bbox 1916 3547 2070 3632; x_wconf 89' lang='lat' dir='ltr'>quid</span> <span class='ocrx_word' id='word_1_172' title='bbox 2112 3548 2354 3635; x_wconf 87' lang='lat' dir='ltr'>justitia</span> <span class='ocrx_word' id='word_1_173' title='bbox 2387 3547 2515 3630; x_wconf 81' lang='lat' dir='ltr'>sit,</span> 
     </span>
     <span class='ocr_line' id='line_1_26' title="bbox 673 3663 2519 3752; baseline -0.002 -17"><span class='ocrx_word' id='word_1_174' title='bbox 673 3670 1044 3752; x_wconf 85' lang='lat' dir='ltr'>qualemque</span> <span class='ocrx_word' id='word_1_175' title='bbox 1089 3686 1228 3734; x_wconf 87' lang='lat' dir='ltr'>esse</span> <span class='ocrx_word' id='word_1_176' title='bbox 1267 3668 1579 3735; x_wconf 90' lang='lat' dir='ltr'>hominem</span> <span class='ocrx_word' id='word_1_177' title='bbox 1621 3663 1965 3752; x_wconf 75' lang='lat' dir='ltr'>perfectum</span> <span class='ocrx_word' id='word_1_178' title='bbox 2022 3680 2309 3750; x_wconf 85' lang='lat' dir='ltr'>oporteat</span> <span class='ocrx_word' id='word_1_179' title='bbox 2332 3711 2357 3747; x_wconf 86' lang='lat'>,</span> <span class='ocrx_word' id='word_1_180' title='bbox 2408 3665 2519 3732; x_wconf 89' lang='lat' dir='ltr'>de·</span> 
     </span>
     <span class='ocr_line' id='line_1_27' title="bbox 671 3780 2507 3869; baseline -0.003 -18"><span class='ocrx_word' id='word_1_181' title='bbox 671 3785 802 3852; x_wconf 69' lang='lat' dir='ltr'>dita</span> <span class='ocrx_word' id='word_1_182' title='bbox 871 3790 1063 3869; x_wconf 75' lang='lat' dir='ltr'>opera</span> <span class='ocrx_word' id='word_1_183' title='bbox 1139 3785 1586 3869; x_wconf 79' lang='lat' dir='ltr'>exquirendum</span> <span class='ocrx_word' id='word_1_184' title='bbox 1668 3798 1789 3851; x_wconf 61' lang='lat' dir='ltr'>est·</span> <span class='ocrx_word' id='word_1_185' title='bbox 1892 3780 2249 3866; x_wconf 87' lang='lat' dir='ltr'>Utrumque</span> <span class='ocrx_word' id='word_1_186' title='bbox 2306 3795 2507 3847; x_wconf 86' lang='lat' dir='ltr'>autem</span> 
     </span>
     <span class='ocr_line' id='line_1_28' title="bbox 669 3899 2518 3984; baseline -0.001 -17"><span class='ocrx_word' id='word_1_187' title='bbox 669 3901 1020 3984; x_wconf 71' lang='lat' dir='ltr'>declarare,</span> <span class='ocrx_word' id='word_1_188' title='bbox 1080 3902 1205 3969; x_wconf 89' lang='lat' dir='ltr'>nisi</span> <span class='ocrx_word' id='word_1_189' title='bbox 1272 3903 1458 3969; x_wconf 81' lang='lat' dir='ltr'>animi</span> <span class='ocrx_word' id='word_1_190' title='bbox 1514 3916 1790 3969; x_wconf 86' lang='lat' dir='ltr'>naturam</span> <span class='ocrx_word' id='word_1_191' title='bbox 1849 3899 2375 3984; x_wconf 81' lang='lat' dir='ltr'>exploraverimus</span> <span class='ocrx_word' id='word_1_192' title='bbox 2418 3916 2518 3966; x_wconf 85' lang='lat' dir='ltr'>sa-</span> 
     </span>
    </p>
   </div>
   <div class='ocr_carea' id='block_1_5' title="bbox 670 4015 2515 4214">
    <p class='ocr_par' dir='ltr' id='par_1_5' title="bbox 670 4015 2515 4214">
     <span class='ocr_line' id='line_1_29' title="bbox 670 4015 2512 4102; baseline -0.002 -19"><span class='ocrx_word' id='word_1_193' title='bbox 670 4020 748 4086; x_wconf 85' lang='lat' dir='ltr'>tis</span> <span class='ocrx_word' id='word_1_194' title='bbox 770 4067 794 4100; x_wconf 87' lang='lat'>‚</span> <span class='ocrx_word' id='word_1_195' title='bbox 858 4036 985 4085; x_wconf 88' lang='lat' dir='ltr'>non</span> <span class='ocrx_word' id='word_1_196' title='bbox 1039 4036 1405 4101; x_wconf 87' lang='lat' dir='ltr'>possumus.</span> <span class='ocrx_word' id='word_1_197' title='bbox 1516 4019 1641 4086; x_wconf 82' lang='lat' dir='ltr'>ch</span> <span class='ocrx_word' id='word_1_198' title='bbox 1705 4036 1854 4087; x_wconf 83' lang='lat' dir='ltr'>vero</span> <span class='ocrx_word' id='word_1_199' title='bbox 1909 4020 2093 4101; x_wconf 78' lang='lat' dir='ltr'>longe</span> <span class='ocrx_word' id='word_1_200' title='bbox 2157 4015 2512 4102; x_wconf 86' lang='lat' dir='ltr'>ampliorem</span> 
     </span>
     <span class='ocr_line' id='line_1_30' title="bbox 2384 4133 2515 4214; baseline 0 -18"><span class='ocrx_word' id='word_1_201' title='bbox 2384 4133 2515 4214; x_wconf 88' lang='lat' dir='ltr'>ple·</span> 
     </span>
    </p>
   </div>
  </div>
 </body>
</html>
