2792 5167
1048 516 1435 579 ...117—

305 677 377 742 in
422 674 682 743 civitate
748 693 931 744 suum
996 693 1313 761 perageret
1374 677 1683 759 officium,
1769 680 1896 750 i.e.
1965 678 2163 760 illud,

296 794 375 859 ad
414 794 588 875 quod
630 807 815 875 aptus
858 797 1075 859 natura
1112 807 1173 858 et
1217 791 1345 859 fere
1388 809 1575 861 natus
1613 811 1819 875 esset,
1865 813 2161 877 exseque-

298 923 509 988 retur,
588 926 717 974 non
759 926 952 990 vero,
1036 924 1106 976 ut
1155 907 1329 992 fere,
1409 911 1796 992 maximeque
1837 912 2153 990 Athenis,

296 1022 523 1108 fiebat,
573 1026 780 1092 omnia
832 1042 1093 1104 omnes,
1138 1040 1203 1092 et
1257 1028 1619 1112 gravissima
1673 1030 1825 1095 adeo
1881 1028 2154 1094 civitatis

297 1158 546 1207 munera
580 1141 811 1225 agresti
850 1141 1099 1226 ingenio
1144 1143 1429 1211 homines
1472 1143 1850 1211 affectarent.
1933 1146 2152 1228 Itaque

293 1259 514 1324 tradita
580 1258 685 1325 illa
743 1257 1118 1325 Phoenicum
1178 1258 1255 1323 de
1317 1259 1636 1326 hominum
1697 1279 1731 1325 e
1788 1274 1962 1326 terra.
2002 1276 2146 1356 ortu

286 1368 542 1456 fabula,
588 1374 858 1457 primum
916 1393 992 1440 ex
1045 1374 1217 1443 omni
1271 1376 1501 1442 civium
1556 1394 1776 1460 genere
1826 1376 1890 1442 in
1935 1395 2148 1468 nume·

280 1508 423 1555 rum
481 1492 866 1575 custodum,
908 1507 1040 1557 tum
1084 1492 1265 1557 etiam
1313 1512 1347 1557 e
1387 1493 1761 1560 custodibus
1808 1494 1872 1559 in
1928 1512 2147 1558 nume-

278 1623 423 1671 rum
478 1607 947 1691 magistratuum
1003 1607 1146 1673 illos
1211 1607 1470 1688 retulit,
1551 1626 1816 1690 quorum
1895 1624 2145 1674 naturae

276 1720 571 1787 nonnihil
634 1722 772 1789 sive
830 1717 1066 1805 arg'enti
1148 1722 1283 1789 sive
1345 1725 1477 1789 auri
1536 1724 1874 1792 admixtum
1938 1743 2142 1792 essetz

284 1855 419 1905 tum
468 1840 812 1922 custodes,
855 1840 1239 1922 maximeque
1291 1837 1546 1906 futuros
1603 1842 1977 1924 reipublicae
2027 1860 2142 1926 gu·

280 1953 640 2020 bernatores
701 1955 1008 2036 exquisita
1070 1957 1327 2037 quadam
1383 1957 1779 2024 institutione
1834 1958 2137 2035 erudivit,

286 2084 359 2136 ut
416 2070 758 2137 libertatem
809 2091 878 2137 ac
943 2075 1205 2138 salutem
1263 2071 1494 2139 civium
1558 2089 1721 2136 recte
1786 2088 2132 2140 tuerentur.

286 2190 480 2255 Porro
532 2187 610 2252 de
663 2186 927 2254 ferendis
981 2186 1272 2272 legibus»,
1335 2188 1412 2251 de
1477 2187 1696 2270 poenis
1749 2186 2136 2254 constituen-

282 2306 421 2385 dis,
463 2304 540 2371 de
590 2303 904 2389 judicibus
960 2304 1240 2370 creandis
1295 2318 1403 2369 aut
1458 2302 1749 2368 ornandis
1808 2301 2137 2368 tribunali·

166 2464 190 2485 .
282 2420 447 2499 bus,
486 2421 565 2484 de
590 2419 700 2485 bis
726 2419 1072 2501 omnibus,
1114 2418 1357 2499 fateor,
1399 2437 1529 2483 non
1570 2418 1922 2501 singulatim
1954 2418 2128 2510 egitz

279 2535 489 2600 noluit
533 2537 685 2602 adeo
747 2536 810 2604 in
882 2537 1030 2603 haec
1088 2537 1368 2619 singula,
1429 2536 1747 2616 quomodo
1791 2548 1998 2601 essent
2041 2535 2134 2600 in·

275 2650 610 2730 struenda,
670 2649 1018 2731 inquirere:
1111 2651 1282 2730 quod
1343 2650 1514 2735 ὕδραν
1568 2654 1800 2734 τέμνειν
1861 2651 2131 2734 appella·

281 2768 409 2834 bat.
454 2764 538 2832 (¹)
620 2765 1040 2831 Veruntamen
1101 2769 1251 2831 tales
1307 2765 1432 2831 sibi
1485 2765 1808 2830 videbatur
1861 2782 1948 2857 et·
1983 2783 2126 2831 cus·

275 2884 457 2950 todes
525 2899 587 2948 et
662 2881 1052 2965 magistratus
1114 2900 1255 2947 cum
1332 2882 1637 2966 elegisse,
1700 2896 1830 2947 tum
1890 2882 2127 2947 artibus

275 2999 752 3084 disciplinisque
798 2998 1206 3079 informasse,
1255 3002 1468 3081 quales
1518 2999 1618 3064 his
1677 2998 1940 3082 singulis
1994 2999 2131 3064 uni·

278 3116 608 3199 versisque
646 3112 882 3199 optime
911 3116 1366 3199 prospicerent.
1457 3114 1577 3180 His
1613 3114 1914 3195 peractis,
1958 3113 2129 3194 prin·

266 3232 440 3314 cipia
485 3231 604 3296 sibi
647 3229 823 3296 visus
870 3246 965 3294 est
1007 3230 1376 3308 tradidisse,
1445 3242 1512 3292 ut
1555 3229 1723 3312 justa
1772 3240 1935 3291 esset
1976 3224 2133 3290 civi·

284 3363 404 3412 tas.
489 3346 627 3413 Nec
682 3365 830 3412 vero
890 3344 1044 3409 illud
1098 3343 1162 3408 in
1216 3346 1329 3410 hac
1383 3363 1450 3408 re
1492 3341 1819 3427 judicanda
1865 3355 2132 3436 praeter·

287 3462 647 3545 mittamus,
693 3463 864 3545 quod
908 3462 1104 3527 verbo
1144 3463 1264 3547 jam
1308 3460 1664 3543 attigimus,
1689 3458 1986 3542 justitiae
2016 3474 2134 3523 no·

282 3581 511 3647 tionem
567 3599 676 3663 per
733 3597 976 3645 omnem
1031 3576 1499 3659 antiquitatem,
1561 3592 1675 3640 nec
1719 3574 1922 3639 minus
1966 3576 2132 3656 apud

285 3697 602 3775 Graecos,
668 3713 849 3775 quam
903 3694 1070 3776 apud
1122 3706 1334 3775 gentes
1390 3672 1762 3770 orientales,
1823 3707 1962 3778 cnm
2008 3710 2133 3755 mo·

285 3816 483 3895 ralis,
566 3832 747 3896 quam
795 3828 1136 3888 vocamus,
1210 3808 1600 3896 perfia-tionis
1661 3806 1918 3892 notione
1981 3825 2132 3871 con·

1950 3924 2131 4008 iune-

352 4077 437 4145 (ι)
478 4077 715 4145 Deflep.
750 4071 860 4128 IV·
904 4073 1022 4128 426·
1064 4071 1128 4126 E.
