2792 5167
658 695 800 768 Nec
851 709 1006 764 vcro
1071 695 1155 763 its
1192 694 1379 763 ardua
1438 708 1539 762 est
1581 692 1767 761 nobis
1814 693 1881 762 in
1938 691 2367 788 philosophia
2377 687 2511 764 Pii·

655 813 829 882 tonis
883 812 985 881 via
1006 858 1032 896 ,
1075 827 1150 879 nt
1205 810 1271 878 in
1317 826 1705 879 caeterorum
1745 811 2193 896 plerorumque
2229 810 2517 898 philoso-

655 931 931 1016 phorum
984 926 1307 996 doctrinis.
1393 921 1683 993 Naturae
1726 925 1784 992 is
1841 925 2008 993 viam
2053 941 2248 994 tenet.
2345 923 2515 997 Nm

658 1055 737 1113 ut
763 1045 919 1113 fecit
956 1045 1023 1110 in
1064 1041 1497 1127 superioribus
1528 1042 1609 1108 de
1636 1040 1859 1129 pulcro
1897 1035 2513 1126 disceptationibus,

660 1160 753 1230 ita
792 1178 959 1230 nunc
997 1160 1069 1227 in
1121 1160 1238 1226 hac
1280 1162 1419 1230 vm·
1472 1154 1885 1242 inquisitione
1900 1202 1926 1240 ,
1989 1159 2204 1230 οἴκοθεν
2239 1161 2517 1246 ἀρξάμε-

662 1307 795 1363 νος,
852 1293 927 1346 ut
984 1275 1269 1346 Socraten
1309 1273 1573 1343 vocabat
1593 1321 1619 1356 ,
1660 1295 1764 1342 nos
1814 1277 1973 1364 ipsos
2025 1292 2147 1343 nos
2188 1273 2462 1359 primum
2483 1320 2515 1357 ,

663 1411 953 1480 quaeque
999 1392 1220 1461 insunt
1261 1371 1453 1461 nobis
1504 1390 1717 1461 studia
1755 1390 2082 1474 exquirere
2111 1388 2373 1475 Jubebit
2395 1383 2418 1459 ε’
2444 1389 2515 1458 in

658 1507 897 1594 quibus
958 1529 1229 1577 amorem
1248 1555 1274 1592 ‚
1344 1507 1795 1594 principiorum
1851 1504 2133 1574 omnium
2204 1523 2538 1588 nummum,
2584 1573 2597 1586 ,

660 1640 728 1693 et
778 1625 1302 1708 efficacissimum,
1343 1623 1605 1692 insitum
1657 1620 1846 1690 nobis
1888 1625 2028 1691 ven·
2075 1641 2390 1706 marm,
2430 1637 2526 1691 ct·

659 1741 876 1812 tendet
940 1741 1276 1809 nobiscum
1355 1739 1758 1824 potissimum
1782 1758 1805 1805 τ
1886 1737 2057 1806 unde
2103 1735 2521 1834 profectus,

664 1858 992 1945 quomodo
1032 1858 1273 1945 optime
1303 1854 1407 1925 his
1446 1855 1673 1925 studiis
1691 1902 1715 1940 ,
1756 1855 1907 1923 huic
1942 1854 2138 1923 amori
2158 1901 2184 1936 ,
2226 1853 2328 1922 his
2379 1853 2518 1922 veri

662 1974 1051 2059 appetitibus
1104 1973 1460 2041 satisfacere
1526 1974 1848 2059 possimus
1868 2019 1896 2055 ,
1975 1985 2233 2055 quaeret
2249 2018 2278 2055 ‚
2339 1970 2525 2039 dim·-

652 2069 985 2180 anasque
1036 2083 1426 2174 explorabit,
1470 2089 1704 2171 quibus
1758 2089 1836 2157 ad
1886 2106 2109 2156 verum
2163 2089 2356 2156 homo
2377 2134 2402 2170 ‚
2438 2095 2521 2155 'ut

658 2201 909 2274 astibus
943 2207 1019 2272 ad
1058 2207 1346 2290 pulcrum
1364 2251 1390 2288 ,
1434 2204 1763 2272 adducitur
1784 2252 1810 2288 ,
1843 2202 2239 2274 dialectIcam
2284 2205 2351 2271 in
2386 2204 2525 2292 pri-

660 2319 781 2388 mis
800 2367 826 2403 ,
904 2320 1374 2407 disciplinarum
1453 2320 1826 2406 principem.
1922 2313 2128 2388 ³Tum
2183 2340 2339 2389 vero
2415 2322 2526 2389 de-

662 2455 832 2505 mum
855 2484 882 2522 ,
966 2436 1338 2525 perquisitis
1398 2436 1498 2505 his
1565 2438 1857 2505 omnibns
1875 2483 1901 2520 ‚
1984 2437 2052 2504 in
2120 2438 2330 2524 ipsum
2397 2453 2521 2507 nos

662 2554 923 2620 evehere
969 2554 1271 2621 mundum
1322 2559 1520 2634 νοητὸν
1578 2572 1659 2620 ex
1706 2554 1823 2619 hac
1864 2551 2150 2619 inscitiae
2209 2570 2527 2620 errorum-

664 2686 792 2752 que
848 2669 999 2737 sede
1056 2670 1134 2735 ad
1187 2667 1504 2736 scientiam
1548 2681 1616 2734 et
1668 2665 1999 2734 veritatem·
2023 2668 2256 2736 ducere
2292 2686 2523 2766 aequa·

659 2784 777 2852 bili
825 2784 1069 2858 ratione
1117 2784 1473 2872 conabitur.
1603 2783 1915 2851 Naturae
1954 2782 2107 2852 haec
2129 2831 2158 2868 ,
2224 2784 2475 2869 inquam
2495 2833 2521 2870 ‚

641 2900 764 2994 'vis
813 2915 956 2981 est,
998 2918 1372 2984 quamquam
1410 2918 1538 2966 eam
1572 2900 1757 2982 pauci
1798 2912 2160 2994 tenuerunt.
2244 2899 2409 2967 Nam
2444 2901 2527 2968 ad

655 3014 844 3081 finem
902 3013 1047 3096 quis
1088 3027 1255 3080 recte
1315 3015 1519 3081 tendit
1539 3062 1564 3096 ‚
1605 3014 1772 3097 apud
1827 3032 2016 3098 quem
2069 3017 2150 3084 de
2197 3015 2520 3104 principiis

657 3144 792 3195 non
829 3141 1085 3193 constat
1094 3125 1152 3195 ἓ·
1214 3126 1382 3216 Quis
1434 3131 1765 3215 pervenire
1802 3131 1881 3196 ad
1924 3127 2110 3197 finem
2132 3176 2159 3214 ,
2220 3129 2526 3214 perficere

660 3243 838 3328 q'uod
873 3243 1092 3328 cupit,
1155 3258 1413 3330 potest,
1466 3246 1590 3312 nisi
1652 3246 1815 3314 viam
1872 3247 2130 3315 edoctus
2153 3291 2179 3329 ,
2242 3246 2374 3330 qua
2408 3246 2522 3314 de-

659 3358 805 3428 beat
873 3359 1212 3445 procedere
1230 3406 1255 3441 ,
1348 3379 1633 3445 ususque
1712 3361 2137 3430 instrumentis
2174 3407 2200 3444 ,
2288 3360 2526 3444 quibus

662 3495 831 3562 opus
913 3477 1250 3563 perficiat?
1332 3477 1521 3545 Unde
1598 3477 1665 3543 in
1740 3478 1911 3544 omni
1982 3477 2316 3574 discipling
2368 3477 2525 3546 haec

663 3595 784 3661 trin
837 3607 1257 3664 memorantur
1319 3595 1512 3677 vulgo
1529 3640 1554 3674 ‚
1628 3596 1955 3683 principia
1973 3641 1998 3676 ,
2086 3594 2259 3662 unde
2307 3595 2533 3690 incho-

663 3708 893 3775 andum
913 3755 939 3791 ‚
1020 3711 1215 3799 officia
1229 3755 1255 3792 ,
1337 3709 1569 3793 quibus
1623 3707 2010 3794 fungendum
2029 3756 2058 3794 ,
2126 3708 2281 3794 finis
2301 3757 2330 3795 ,
2390 3729 2518 3794 quo

659 3821 1035 3890 tendendum
1094 3841 1192 3892 est
1242 3825 1334 3893 (ὓ.
1425 3824 1549 3893 Sed
1596 3826 1665 3891 in
1728 3825 1864 3891 veri
1916 3827 2326 3912 philosophia
2378 3824 2523 3908 phi-

740 4019 827 4100 (ι)
862 4018 981 4075 cic.
1023 4019 1092 4074 dc
1126 4023 1338 4080 xnvent.
1374 4023 1425 4078 1.
1462 4042 1513 4079 ι.
1548 4027 1658 4080 fine
1693 4032 1747 4079 ot
1780 4042 1828 4080 c.
1859 4017 1913 4077 5.

2348 3941 2524 4009 ioso-
2594 4026 2605 4032 Φ
2724 4001 2731 4008 .
