2792 5167
1425 504 1772 586 ...56-

683 680 909 764 trices,
955 682 1197 769 quippe
1233 695 1439 750 castae
1474 701 1890 766 severamque,
1932 697 2220 751 verentes
2262 681 2539 760 scilicet,

683 815 766 866 ne
814 816 928 883 per
985 798 1142 864 hanc
1192 811 1385 863 artem
1452 798 1517 864 in
1588 798 1875 864 lenocinii
1928 798 2315 883 vituperium
2389 795 2550 863 inci·

680 914 866 983 dant:
914 932 1288 997 quamquam
1343 912 1790 982 obstetricibus
1813 961 1838 997 ,
1903 935 2065 999 quae
2122 934 2274 984 vere
2323 913 2549 982 dicun-

681 1044 828 1113 tur,
891 1031 1048 1098 solis
1097 1032 1244 1099 item
1285 1031 1582 1098 convenit
1635 1049 1829 1098 mares
1873 1030 2318 1116 foeminasque
2374 1046 2555 1099 recte

675 1148 920 1236 jugare.
962 1187 1051 1203 --
1088 1148 1289 1214 Patet.
1331 1183 1427 1201 —
1478 1147 1907 1216 obstetricum
1957 1149 2154 1235 igitur
2207 1149 2547 1234 negotium

678 1278 924 1334 tantum
981 1278 1119 1346 est;
1161 1263 1368 1332 minus
1407 1283 1559 1332 vero
1579 1311 1603 1347 ‚
1647 1284 1833 1348 quam
1872 1284 2104 1333 meum.
2189 1267 2359 1334 Nam
2400 1285 2547 1332 mu-

656 1379 937 1481 ·lieribus
980 1398 1110 1446 non
1144 1380 1416 1464 accidit,
1458 1395 1531 1448 ut
1579 1381 1849 1450 subinde
1889 1383 2207 1450 simulacra
2252 1384 2545 1467 pariant,

683 1515 1154 1582 nonnumquam
1212 1517 1356 1565 vera
1378 1545 1405 1580 ‚
1449 1498 1662 1581 sitque
1716 1497 1966 1567 difficile
2010 1499 2162 1567 haec
2210 1500 2549 1586 dignosce-

683 1633 796 1682 re:
862 1617 1034 1699 quod
1090 1616 1147 1682 si
1189 1615 1494 1682 accideret
1514 1659 1538 1694 ‚
1605 1603 1936 1683 maximum
1974 1618 2553 1701 pulcerrimumque

684 1731 1095 1799 obstetricum
1147 1751 1377 1800 munus
1432 1746 1605 1799 esset
1630 1779 1655 1815 ,
1716 1752 1934 1800 verum
1997 1754 2033 1800 a
2090 1732 2252 1801 falso
2310 1734 2553 1802 discer-

685 1850 897 1918 nendi.
1009 1849 1120 1917 Tu
1166 1868 1322 1919 vero
1389 1849 1545 1934 quid
1608 1850 1804 1917 sentis
1828 1850 1864 1916 *ἒ
1914 1886 2011 1906 --
2065 1851 2238 1918 Idem
2287 1850 2552 1937 profec-

683 1983 779 2033 to.
852 2003 947 2021 —
1014 1967 1205 2036 Meae
1264 1982 1471 2036 autem
1550 1967 1668 2032 arti
1738 1981 1977 2032 caetera
2040 1967 2295 2051 propria
2347 1982 2544 2047 sunt,
2666 2021 2681 2034 .

680 2102 839 2166 quae
889 2084 1178 2167 illarum3
1252 2083 1463 2150 differt
1521 2101 1719 2165 vere,
1782 2082 1960 2165 quod
2009 2081 2283 2150 maribus
2308 2129 2337 2165 ‚
2404 2101 2543 2149 non

675 2201 968 2271 foeminis
1033 2198 1523 2285 parturientibus
1584 2198 1930 2281 succurrit,
1975 2211 2111 2264 tum
2159 2198 2345 2266 etiam
2406 2199 2547 2265 ani·

677 2338 818 2387 mos
873 2333 1114 2405 spectat
1168 2316 1535 2403 parientium
1557 2362 1581 2397 ‚
1646 2333 1776 2381 non
1826 2325 2133 2398 corpora3
2195 2314 2538 2382 mmtimum

677 2448 888 2504 autem
944 2437 1066 2502 hoc
1129 2434 1294 2501 inest
1359 2433 1478 2500 arti
1528 2448 1742 2514 meae,
1805 2449 2002 2516 posse
2057 2423 2350 2500 videlicet
2400 2432 2544 2499 dili·

676 2567 896 2640 genter
969 2553 1292 2637 explorare
1366 2547 1541 2618 omni
1604 2548 1793 2617 modo
1813 2595 1837 2630 ,
1922 2548 2406 2617 simulacrumne
2476 2563 2545 2616 et
2644 2633 2657 2642 .

677 2668 908 2738 falsum
935 2717 960 2753 ,
1025 2659 1130 2737 'an
1197 2668 1475 2737 nativum
1547 2679 1610 2733 ct
1666 2683 1888 2733 verum
1943 2666 2230 2749 quiddam
2287 2664 2543 2753 juvenis

594 2821 600 2832 ·
675 2789 921 2857 animus
970 2788 1192 2872 pariat.
1315 2787 1650 2853 Caeterum
1711 2782 1773 2850 id
1834 2783 1987 2851 mihi
2052 2783 2277 2866 etiam,
2367 2781 2543 2867 quod

676 2903 1173 2981 obstetricibus,
1218 2915 1363 2968 est:
1410 2918 1541 2966 non
1572 2900 1748 2983 pario
1784 2900 2182 2985 sapientiam:
2231 2901 2539 2984 quodque

671 3021 1042 3104 objecerunt
1098 3015 1254 3083 mihi
1317 3017 1546 3098 multi,
1600 3018 1757 3085 alios
1800 3035 1904 3085 me
1963 3016 2391 3101 interrogare,
2436 3015 2536 3098 ip-

669 3152 812 3200 sum
871 3152 1026 3201 vero
1084 3134 1165 3201 de
1217 3135 1390 3201 nulla
1446 3152 1518 3201 re
1571 3135 1949 3219 respondere
1968 3180 1993 3216 ,
2038 3132 2183 3216 quia
2222 3131 2382 3200 nihil
2423 3132 2535 3197 ha·

668 3252 794 3320 beo
852 3252 1026 3335 quod
1089 3250 1401 3335 sapienter
1455 3251 1864 3335 respondeam
1889 3296 1913 3331 ‚
1996 3267 2147 3317 vere
2216 3247 2534 3335 objiciunt

669 3368 788 3442 illi.
915 3371 1157 3440 Caussa
1213 3384 1420 3438 autem
1463 3367 1554 3435 rei
1612 3367 1760 3436 haec
1818 3381 1955 3436 este
2038 3366 2533 3455 parturientibus

669 3505 1034 3558 succurrere
1093 3487 1271 3556 Deus
1343 3504 1444 3554 me
1503 3485 1675 3568 cogit
1699 3532 1723 3567 ‚
1811 3501 2102 3574 generare
2153 3485 2532 3570 prohibuit:

665 3624 809 3673 sum
858 3605 999 3691 ipse
1045 3604 1291 3686 quidem
1339 3622 1468 3672 non
1520 3621 1895 3690 magnopere
1931 3601 2228 3688 sapiens:
2273 3621 2396 3672 nec
2440 3614 2538 3670 est

664 3719 818 3786 mihi
872 3722 1069 3790 ullum
1121 3722 1445 3810 inventum
1510 3720 1800 3806 sapiens,
1841 3738 1921 3787 ex
1974 3721 2182 3788 animo
2239 3739 2384 3789 mco
2429 3737 2535 3786 na·
2638 3733 2648 3742 ·

663 3849 844 3916 tum;
891 3838 1004 3918 qui
1050 3855 1202 3905 vero
1258 3839 1713 3921 colloquuntur
1747 3854 2028 3918 mecum,
2056 3836 2344 3922 ‘primum
2388 3831 2526 3915 qui·

664 3949 802 4019 dem
865 3950 1202 4033 videntur,
1246 3954 1533 4021 nonnulli
1593 3972 1724 4021 non
1780 3955 2092 4036 solertes,
2130 3954 2204 4003 <⁰
2245 3951 2344 4021 alii
2383 3963 2526 4032 per·

2328 4080 2517 4146 quam

741 4176 825 4250 (¹)
883 4177 936 4241 οἵ
976 4174 1044 4243 ’e‘
1082 4197 1177 4254 μυ
1224 4178 1662 4257 mmmmm
1709 4181 1793 4243 τὶ
1832 4187 1938 4257 μὶν
2005 4178 2217 4252 upum
2286 4172 2522 4250 Φαίνον-

2378 4289 2477 4334 ηι
2496 4303 2525 4347 ,
