<?xml version="1.0" encoding="UTF-8"?>
<!DOCTYPE html PUBLIC "-//W3C//DTD XHTML 1.0 Transitional//EN"
    "http://www.w3.org/TR/xhtml1/DTD/xhtml1-transitional.dtd">
<html xmlns="http://www.w3.org/1999/xhtml" xml:lang="en" lang="en">
 <head>
  <title>
</title>
<meta http-equiv="Content-Type" content="text/html;charset=utf-8" />
  <meta name='ocr-system' content='tesseract 3.04.00' />
  <meta name='ocr-capabilities' content='ocr_page ocr_carea ocr_par ocr_line ocrx_word'/>
</head>
<body>
  <div class='ocr_page' id='page_1' title='image "./initiaphilosoph05heusgoog_0111.png"; bbox 0 0 2792 5167; ppageno 0'>
   <div class='ocr_carea' id='block_1_1' title="bbox 1384 485 1781 548">
    <p class='ocr_par' dir='ltr' id='par_1_1' title="bbox 1384 485 1781 548">
     <span class='ocr_line' id='line_1_1' title="bbox 1384 485 1781 548; baseline -0.013 -15"><span class='ocrx_word' id='word_1_1' title='bbox 1384 485 1781 548; x_wconf 74' lang='lat'>-104—</span> 
     </span>
    </p>
   </div>
   <div class='ocr_carea' id='block_1_2' title="bbox 657 614 2603 3862">
    <p class='ocr_par' dir='ltr' id='par_1_2' title="bbox 657 614 2603 3766">
     <span class='ocr_line' id='line_1_2' title="bbox 657 614 2505 729; baseline -0.002 -20"><span class='ocrx_word' id='word_1_2' title='bbox 657 638 930 721; x_wconf 78' lang='lat' dir='ltr'>ligemus</span> <span class='ocrx_word' id='word_1_3' title='bbox 991 641 1285 722; x_wconf 82' lang='lat' dir='ltr'><strong>maxime,</strong></span> <span class='ocrx_word' id='word_1_4' title='bbox 1355 659 1429 711; x_wconf 93' lang='lat' dir='ltr'><strong>ut</strong></span> <span class='ocrx_word' id='word_1_5' title='bbox 1513 644 1991 729; x_wconf 78' lang='lat' dir='ltr'><strong>diligentissime</strong></span> <span class='ocrx_word' id='word_1_6' title='bbox 2057 614 2505 710; x_wconf 74' lang='lat' dir='ltr'><strong>&#39;adverterimus</strong></span> 
     </span>
     <span class='ocr_line' id='line_1_3' title="bbox 665 755 2512 843; baseline 0.003 -27"><span class='ocrx_word' id='word_1_7' title='bbox 665 771 871 820; x_wconf 88' lang='lat' dir='ltr'><strong>mores</strong></span> <span class='ocrx_word' id='word_1_8' title='bbox 947 755 1360 840; x_wconf 87' lang='lat' dir='ltr'><strong>libidinesque</strong></span> <span class='ocrx_word' id='word_1_9' title='bbox 1433 760 1710 841; x_wconf 88' lang='lat' dir='ltr'><strong>gentium</strong></span> <span class='ocrx_word' id='word_1_10' title='bbox 1781 760 2200 843; x_wconf 84' lang='lat' dir='ltr'><strong>antiquarum.</strong></span> <span class='ocrx_word' id='word_1_11' title='bbox 2290 761 2361 825; x_wconf 90' lang='lat' dir='ltr'><strong>In</strong></span> <span class='ocrx_word' id='word_1_12' title='bbox 2418 758 2512 824; x_wconf 86' lang='lat' dir='ltr'><strong>his</strong></span> 
     </span>
     <span class='ocr_line' id='line_1_4' title="bbox 669 871 2520 962; baseline 0.001 -25"><span class='ocrx_word' id='word_1_13' title='bbox 669 871 958 937; x_wconf 88' lang='lat' dir='ltr'><strong>omnibus</strong></span> <span class='ocrx_word' id='word_1_14' title='bbox 1012 873 1335 940; x_wconf 82' lang='lat' dir='ltr'><strong>obtinebat</strong></span> <span class='ocrx_word' id='word_1_15' title='bbox 1399 897 1572 941; x_wconf 89' lang='lat' dir='ltr'><strong>amor</strong></span> <span class='ocrx_word' id='word_1_16' title='bbox 1630 877 1835 959; x_wconf 86' lang='lat' dir='ltr'><strong>turpis</strong></span> <span class='ocrx_word' id='word_1_17' title='bbox 1901 882 1963 942; x_wconf 79' lang='lat' dir='ltr'><strong>et</strong></span> <span class='ocrx_word' id='word_1_18' title='bbox 2015 877 2344 962; x_wconf 83' lang='lat' dir='ltr'><strong>abjectus,</strong></span> <span class='ocrx_word' id='word_1_19' title='bbox 2410 873 2520 957; x_wconf 86' lang='lat' dir='ltr'><strong>qui</strong></span> 
     </span>
     <span class='ocr_line' id='line_1_5' title="bbox 665 989 2522 1078; baseline 0.001 -23"><span class='ocrx_word' id='word_1_20' title='bbox 665 989 847 1055; x_wconf 83' lang='lat' dir='ltr'><strong>unice</strong></span> <span class='ocrx_word' id='word_1_21' title='bbox 892 991 1316 1058; x_wconf 81' lang='lat' dir='ltr'><strong>contineretur</strong></span> <span class='ocrx_word' id='word_1_22' title='bbox 1369 1012 1667 1060; x_wconf 81' lang='lat' dir='ltr'><strong>sensuum</strong></span> <span class='ocrx_word' id='word_1_23' title='bbox 1708 994 2194 1078; x_wconf 83' lang='lat' dir='ltr'><strong>voluptatibus,</strong></span> <span class='ocrx_word' id='word_1_24' title='bbox 2238 994 2366 1058; x_wconf 88' lang='lat' dir='ltr'><strong>imo</strong></span> <span class='ocrx_word' id='word_1_25' title='bbox 2416 1011 2522 1057; x_wconf 84' lang='lat' dir='ltr'><strong>na·</strong></span> 
     </span>
     <span class='ocr_line' id='line_1_6' title="bbox 666 1109 2525 1191; baseline 0.002 -23"><span class='ocrx_word' id='word_1_26' title='bbox 666 1116 838 1170; x_wconf 87' lang='lat' dir='ltr'><strong>turae</strong></span> <span class='ocrx_word' id='word_1_27' title='bbox 879 1124 1250 1191; x_wconf 82' lang='lat' dir='ltr'><strong>repugnaret</strong></span> <span class='ocrx_word' id='word_1_28' title='bbox 1308 1124 1372 1174; x_wconf 87' lang='lat' dir='ltr'><strong>et</strong></span> <span class='ocrx_word' id='word_1_29' title='bbox 1436 1109 1654 1175; x_wconf 87' lang='lat' dir='ltr'><strong>bestiis</strong></span> <span class='ocrx_word' id='word_1_30' title='bbox 1710 1111 1865 1176; x_wconf 88' lang='lat' dir='ltr'><strong>adeo</strong></span> <span class='ocrx_word' id='word_1_31' title='bbox 1916 1111 2203 1176; x_wconf 89' lang='lat' dir='ltr'><strong>viliorem</strong></span> <span class='ocrx_word' id='word_1_32' title='bbox 2261 1110 2525 1175; x_wconf 87' lang='lat' dir='ltr'><strong>efficeret</strong></span> 
     </span>
     <span class='ocr_line' id='line_1_7' title="bbox 671 1222 2522 1295; baseline 0.002 -10"><span class='ocrx_word' id='word_1_33' title='bbox 671 1222 1011 1291; x_wconf 86' lang='lat' dir='ltr'><strong>hominem.</strong></span> <span class='ocrx_word' id='word_1_34' title='bbox 1097 1226 1237 1295; x_wconf 88' lang='lat' dir='ltr'><strong>Nec</strong></span> <span class='ocrx_word' id='word_1_35' title='bbox 1303 1226 1631 1293; x_wconf 76' lang='lat' dir='ltr'><strong>obtinebat</strong></span> <span class='ocrx_word' id='word_1_36' title='bbox 1691 1227 1794 1293; x_wconf 88' lang='lat' dir='ltr'><strong>ille</strong></span> <span class='ocrx_word' id='word_1_37' title='bbox 1848 1243 2088 1293; x_wconf 87' lang='lat' dir='ltr'><strong>tantum</strong></span> <span class='ocrx_word' id='word_1_38' title='bbox 2149 1228 2216 1292; x_wconf 90' lang='lat' dir='ltr'><strong>in</strong></span> <span class='ocrx_word' id='word_1_39' title='bbox 2262 1228 2522 1293; x_wconf 87' lang='lat' dir='ltr'><strong>rudibus</strong></span> 
     </span>
     <span class='ocr_line' id='line_1_8' title="bbox 668 1338 2527 1427; baseline 0.001 -23"><span class='ocrx_word' id='word_1_40' title='bbox 668 1353 732 1405; x_wconf 85' lang='lat' dir='ltr'><strong>ct</strong></span> <span class='ocrx_word' id='word_1_41' title='bbox 768 1342 1122 1422; x_wconf 78' lang='lat' dir='ltr'><strong>agrestibus</strong></span> <span class='ocrx_word' id='word_1_42' title='bbox 1167 1338 1570 1411; x_wconf 81' lang='lat' dir='ltr'><strong>hominibus:</strong></span> <span class='ocrx_word' id='word_1_43' title='bbox 1618 1344 2052 1411; x_wconf 84' lang='lat' dir='ltr'><strong>dominabatur</strong></span> <span class='ocrx_word' id='word_1_44' title='bbox 2094 1347 2274 1427; x_wconf 86' lang='lat' dir='ltr'><strong>plane</strong></span> <span class='ocrx_word' id='word_1_45' title='bbox 2315 1343 2379 1407; x_wconf 89' lang='lat' dir='ltr'><strong>in</strong></span> <span class='ocrx_word' id='word_1_46' title='bbox 2430 1342 2527 1424; x_wconf 89' lang='lat' dir='ltr'><strong>ip-</strong></span> 
     </span>
     <span class='ocr_line' id='line_1_9' title="bbox 668 1457 2535 1569; baseline -0.001 -47"><span class='ocrx_word' id='word_1_47' title='bbox 668 1457 760 1523; x_wconf 88' lang='lat' dir='ltr'><strong>sis</strong></span> <span class='ocrx_word' id='word_1_48' title='bbox 803 1457 994 1525; x_wconf 89' lang='lat' dir='ltr'><strong>sacris</strong></span> <span class='ocrx_word' id='word_1_49' title='bbox 1019 1508 1041 1541; x_wconf 90' lang='lat'><strong>,</strong></span> <span class='ocrx_word' id='word_1_50' title='bbox 1083 1460 1150 1527; x_wconf 92' lang='lat' dir='ltr'><strong>in</strong></span> <span class='ocrx_word' id='word_1_51' title='bbox 1189 1463 1372 1528; x_wconf 90' lang='lat' dir='ltr'><strong>cultu</strong></span> <span class='ocrx_word' id='word_1_52' title='bbox 1410 1462 1638 1528; x_wconf 88' lang='lat' dir='ltr'><strong>Bacchi</strong></span> <span class='ocrx_word' id='word_1_53' title='bbox 1663 1509 1686 1542; x_wconf 91' lang='lat'><strong>,</strong></span> <span class='ocrx_word' id='word_1_54' title='bbox 1729 1459 2040 1569; x_wconf 65' lang='lat' dir='ltr'><strong>Veneris,</strong></span> <span class='ocrx_word' id='word_1_55' title='bbox 2082 1459 2319 1543; x_wconf 83' lang='lat' dir='ltr'><strong>Priapi:</strong></span> <span class='ocrx_word' id='word_1_56' title='bbox 2354 1477 2535 1541; x_wconf 87' lang='lat' dir='ltr'><strong>prae·</strong></span> 
     </span>
     <span class='ocr_line' id='line_1_10' title="bbox 665 1573 2535 1661; baseline -0.004 -16"><span class='ocrx_word' id='word_1_57' title='bbox 665 1573 841 1645; x_wconf 86' lang='lat' dir='ltr'><strong>ibant</strong></span> <span class='ocrx_word' id='word_1_58' title='bbox 917 1579 1312 1658; x_wconf 84' lang='lat' dir='ltr'><strong>sacerdotes,</strong></span> <span class='ocrx_word' id='word_1_59' title='bbox 1399 1580 1825 1661; x_wconf 83' lang='lat' dir='ltr'><strong>sequebantur</strong></span> <span class='ocrx_word' id='word_1_60' title='bbox 1892 1577 2139 1661; x_wconf 89' lang='lat' dir='ltr'><strong>populi.</strong></span> <span class='ocrx_word' id='word_1_61' title='bbox 2236 1577 2401 1643; x_wconf 86' lang='lat' dir='ltr'><strong>Nam</strong></span> <span class='ocrx_word' id='word_1_62' title='bbox 2463 1588 2535 1641; x_wconf 88' lang='lat' dir='ltr'><strong>ut</strong></span> 
     </span>
     <span class='ocr_line' id='line_1_11' title="bbox 671 1690 2536 1777; baseline 0.001 -22"><span class='ocrx_word' id='word_1_63' title='bbox 671 1690 864 1757; x_wconf 88' lang='lat' dir='ltr'><strong>homo</strong></span> <span class='ocrx_word' id='word_1_64' title='bbox 905 1693 1174 1775; x_wconf 89' lang='lat' dir='ltr'><strong>primum</strong></span> <span class='ocrx_word' id='word_1_65' title='bbox 1217 1695 1513 1776; x_wconf 88' lang='lat' dir='ltr'><strong>stupidus</strong></span> <span class='ocrx_word' id='word_1_66' title='bbox 1566 1711 1661 1760; x_wconf 88' lang='lat' dir='ltr'><strong>est</strong></span> <span class='ocrx_word' id='word_1_67' title='bbox 1713 1709 1774 1759; x_wconf 88' lang='lat' dir='ltr'><strong>et</strong></span> <span class='ocrx_word' id='word_1_68' title='bbox 1839 1696 2089 1777; x_wconf 89' lang='lat' dir='ltr'><strong>languet</strong></span> <span class='ocrx_word' id='word_1_69' title='bbox 2135 1709 2259 1758; x_wconf 90' lang='lat' dir='ltr'><strong>tam</strong></span> <span class='ocrx_word' id='word_1_70' title='bbox 2309 1712 2536 1775; x_wconf 80' lang='lat' dir='ltr'><strong>corpo·</strong></span> 
     </span>
     <span class='ocr_line' id='line_1_12' title="bbox 666 1809 2539 1894; baseline 0.002 -24"><span class='ocrx_word' id='word_1_71' title='bbox 666 1824 784 1887; x_wconf 89' lang='lat' dir='ltr'><strong>re,</strong></span> <span class='ocrx_word' id='word_1_72' title='bbox 838 1827 1022 1888; x_wconf 88' lang='lat' dir='ltr'><strong>quam</strong></span> <span class='ocrx_word' id='word_1_73' title='bbox 1078 1809 1328 1878; x_wconf 81' lang='lat' dir='ltr'><strong>animo:</strong></span> <span class='ocrx_word' id='word_1_74' title='bbox 1390 1829 1550 1891; x_wconf 86' lang='lat' dir='ltr'><strong>quae</strong></span> <span class='ocrx_word' id='word_1_75' title='bbox 1609 1809 1889 1877; x_wconf 90' lang='lat' dir='ltr'><strong>conditio</strong></span> <span class='ocrx_word' id='word_1_76' title='bbox 1948 1809 2074 1876; x_wconf 88' lang='lat' dir='ltr'><strong>fuit</strong></span> <span class='ocrx_word' id='word_1_77' title='bbox 2114 1811 2539 1894; x_wconf 86' lang='lat' dir='ltr'><strong>Ichthyopha-</strong></span> 
     </span>
     <span class='ocr_line' id='line_1_13' title="bbox 669 1925 2538 2012; baseline 0.002 -24"><span class='ocrx_word' id='word_1_78' title='bbox 669 1941 891 2005; x_wconf 88' lang='lat' dir='ltr'><strong>gorum</strong></span> <span class='ocrx_word' id='word_1_79' title='bbox 954 1940 1017 1990; x_wconf 88' lang='lat' dir='ltr'><strong>et</strong></span> <span class='ocrx_word' id='word_1_80' title='bbox 1085 1925 1663 2009; x_wconf 81' lang='lat' dir='ltr'><strong>Troglodytarum,</strong></span> <span class='ocrx_word' id='word_1_81' title='bbox 1717 1944 1779 1993; x_wconf 90' lang='lat' dir='ltr'><strong>et</strong></span> <span class='ocrx_word' id='word_1_82' title='bbox 1822 1942 1918 1993; x_wconf 91' lang='lat' dir='ltr'><strong>est</strong></span> <span class='ocrx_word' id='word_1_83' title='bbox 1983 1926 2301 2012; x_wconf 85' lang='lat' dir='ltr'><strong>hodieque</strong></span> <span class='ocrx_word' id='word_1_84' title='bbox 2366 1947 2538 1992; x_wconf 67' lang='lat' dir='ltr'><strong>mot-v</strong></span> 
     </span>
     <span class='ocr_line' id='line_1_14' title="bbox 667 2041 2538 2139; baseline 0.001 -32"><span class='ocrx_word' id='word_1_85' title='bbox 667 2041 930 2124; x_wconf 85' lang='lat' dir='ltr'><strong>talium,</strong></span> <span class='ocrx_word' id='word_1_86' title='bbox 976 2063 1141 2139; x_wconf 70' lang='lat' dir='ltr'><strong>quus</strong></span> <span class='ocrx_word' id='word_1_87' title='bbox 1183 2043 1376 2109; x_wconf 80' lang='lat' dir='ltr'><strong>variis</strong></span> <span class='ocrx_word' id='word_1_88' title='bbox 1413 2043 1479 2108; x_wconf 91' lang='lat' dir='ltr'><strong>in</strong></span> <span class='ocrx_word' id='word_1_89' title='bbox 1523 2045 1886 2128; x_wconf 85' lang='lat' dir='ltr'><strong>regionibus</strong></span> <span class='ocrx_word' id='word_1_90' title='bbox 1931 2060 1994 2109; x_wconf 94' lang='lat' dir='ltr'><strong>et</strong></span> <span class='ocrx_word' id='word_1_91' title='bbox 2047 2045 2198 2110; x_wconf 88' lang='lat' dir='ltr'><strong>olim</strong></span> <span class='ocrx_word' id='word_1_92' title='bbox 2255 2060 2315 2109; x_wconf 91' lang='lat' dir='ltr'><strong>et</strong></span> <span class='ocrx_word' id='word_1_93' title='bbox 2365 2064 2538 2128; x_wconf 83' lang='lat' dir='ltr'><strong>prae-</strong></span> 
     </span>
     <span class='ocr_line' id='line_1_15' title="bbox 668 2160 2541 2247; baseline 0 -22"><span class='ocrx_word' id='word_1_94' title='bbox 668 2160 929 2226; x_wconf 84' lang='lat' dir='ltr'><strong>cedente</strong></span> <span class='ocrx_word' id='word_1_95' title='bbox 988 2181 1144 2229; x_wconf 87' lang='lat' dir='ltr'><strong>aevo</strong></span> <span class='ocrx_word' id='word_1_96' title='bbox 1195 2177 1559 2245; x_wconf 90' lang='lat' dir='ltr'><strong>repererunt</strong></span> <span class='ocrx_word' id='word_1_97' title='bbox 1612 2162 1971 2245; x_wconf 85' lang='lat' dir='ltr'><strong>Europaei:</strong></span> <span class='ocrx_word' id='word_1_98' title='bbox 2000 2233 2021 2247; x_wconf 52' lang='lat'><strong>·</strong></span> <span class='ocrx_word' id='word_1_99' title='bbox 2048 2161 2135 2227; x_wconf 89' lang='lat' dir='ltr'><strong>ita</strong></span> <span class='ocrx_word' id='word_1_100' title='bbox 2184 2162 2383 2244; x_wconf 84' lang='lat' dir='ltr'><strong>prima</strong></span> <span class='ocrx_word' id='word_1_101' title='bbox 2442 2175 2541 2226; x_wconf 83' lang='lat' dir='ltr'><strong>est</strong></span> 
     </span>
     <span class='ocr_line' id='line_1_16' title="bbox 667 2277 2544 2361; baseline 0 -19"><span class='ocrx_word' id='word_1_102' title='bbox 667 2280 1031 2361; x_wconf 87' lang='lat' dir='ltr'><strong>progressio</strong></span> <span class='ocrx_word' id='word_1_103' title='bbox 1069 2281 1148 2345; x_wconf 88' lang='lat' dir='ltr'><strong>ad</strong></span> <span class='ocrx_word' id='word_1_104' title='bbox 1179 2279 1621 2344; x_wconf 84' lang='lat' dir='ltr'><strong>humanitatem</strong></span> <span class='ocrx_word' id='word_1_105' title='bbox 1642 2325 1666 2357; x_wconf 93' lang='lat'><strong>,</strong></span> <span class='ocrx_word' id='word_1_106' title='bbox 1695 2292 1769 2344; x_wconf 91' lang='lat' dir='ltr'><strong>ut</strong></span> <span class='ocrx_word' id='word_1_107' title='bbox 1801 2297 1879 2343; x_wconf 80' lang='lat' dir='ltr'><strong>ex</strong></span> <span class='ocrx_word' id='word_1_108' title='bbox 1911 2278 2035 2343; x_wconf 87' lang='lat' dir='ltr'><strong>hoc</strong></span> <span class='ocrx_word' id='word_1_109' title='bbox 2078 2296 2310 2360; x_wconf 86' lang='lat' dir='ltr'><strong>sopore</strong></span> <span class='ocrx_word' id='word_1_110' title='bbox 2337 2291 2399 2342; x_wconf 91' lang='lat' dir='ltr'><strong>et</strong></span> <span class='ocrx_word' id='word_1_111' title='bbox 2441 2277 2544 2342; x_wconf 78' lang='lat' dir='ltr'><strong>in·-</strong></span> 
     </span>
     <span class='ocr_line' id='line_1_17' title="bbox 669 2393 2545 2480; baseline -0.005 -13"><span class='ocrx_word' id='word_1_112' title='bbox 669 2399 942 2467; x_wconf 85' lang='lat' dir='ltr'><strong>dolentia</strong></span> <span class='ocrx_word' id='word_1_113' title='bbox 1001 2397 1296 2480; x_wconf 82' lang='lat' dir='ltr'><strong>evigilet,</strong></span> <span class='ocrx_word' id='word_1_114' title='bbox 1356 2394 1787 2479; x_wconf 85' lang='lat' dir='ltr'><strong>appetitibus,</strong></span> <span class='ocrx_word' id='word_1_115' title='bbox 1847 2393 2347 2478; x_wconf 76' lang='lat' dir='ltr'><strong>cupiditatibuS,</strong></span> <span class='ocrx_word' id='word_1_116' title='bbox 2407 2409 2545 2459; x_wconf 90' lang='lat' dir='ltr'><strong>stu-</strong></span> 
     </span>
     <span class='ocr_line' id='line_1_18' title="bbox 665 2511 2547 2598; baseline -0.005 -14"><span class='ocrx_word' id='word_1_117' title='bbox 665 2518 832 2598; x_wconf 87' lang='lat' dir='ltr'><strong>diis,</strong></span> <span class='ocrx_word' id='word_1_118' title='bbox 875 2514 1249 2581; x_wconf 89' lang='lat' dir='ltr'><strong>libidinibus</strong></span> <span class='ocrx_word' id='word_1_119' title='bbox 1297 2513 1625 2579; x_wconf 83' lang='lat' dir='ltr'><strong>excitetur.</strong></span> <span class='ocrx_word' id='word_1_120' title='bbox 1715 2511 2136 2598; x_wconf 85' lang='lat' dir='ltr'><strong>Quamobrem</strong></span> <span class='ocrx_word' id='word_1_121' title='bbox 2197 2512 2341 2576; x_wconf 84' lang='lat' dir='ltr'><strong>dum</strong></span> <span class='ocrx_word' id='word_1_122' title='bbox 2402 2512 2547 2574; x_wconf 81' lang='lat' dir='ltr'><strong>vul·</strong></span> 
     </span>
     <span class='ocr_line' id='line_1_19' title="bbox 668 2626 2545 2724; baseline -0.007 -26"><span class='ocrx_word' id='word_1_123' title='bbox 668 2651 787 2716; x_wconf 83' lang='lat' dir='ltr'><strong>gus</strong></span> <span class='ocrx_word' id='word_1_124' title='bbox 830 2644 1035 2696; x_wconf 90' lang='lat' dir='ltr'><strong>manet</strong></span> <span class='ocrx_word' id='word_1_125' title='bbox 1075 2629 1139 2694; x_wconf 91' lang='lat' dir='ltr'><strong>in</strong></span> <span class='ocrx_word' id='word_1_126' title='bbox 1187 2628 1405 2695; x_wconf 87' lang='lat' dir='ltr'><strong>eodem</strong></span> <span class='ocrx_word' id='word_1_127' title='bbox 1460 2641 1722 2724; x_wconf 84' lang='lat' dir='ltr'><strong>stupore</strong></span> <span class='ocrx_word' id='word_1_128' title='bbox 1747 2673 1771 2708; x_wconf 94' lang='lat'><strong>,</strong></span> <span class='ocrx_word' id='word_1_129' title='bbox 1828 2626 2013 2710; x_wconf 88' lang='lat' dir='ltr'><strong>primi</strong></span> <span class='ocrx_word' id='word_1_130' title='bbox 2064 2641 2214 2691; x_wconf 87' lang='lat' dir='ltr'><strong>sunt</strong></span> <span class='ocrx_word' id='word_1_131' title='bbox 2254 2626 2545 2691; x_wconf 66' lang='lat' dir='ltr'><strong>sacerdo,</strong></span> 
     </span>
     <span class='ocr_line' id='line_1_20' title="bbox 664 2743 2548 2833; baseline -0.005 -17"><span class='ocrx_word' id='word_1_132' title='bbox 664 2766 809 2831; x_wconf 89' lang='lat' dir='ltr'><strong>tes,</strong></span> <span class='ocrx_word' id='word_1_133' title='bbox 855 2748 966 2833; x_wconf 90' lang='lat' dir='ltr'><strong>qui</strong></span> <span class='ocrx_word' id='word_1_134' title='bbox 1018 2747 1368 2830; x_wconf 83' lang='lat' dir='ltr'><strong>evigilent,</strong></span> <span class='ocrx_word' id='word_1_135' title='bbox 1426 2744 1866 2826; x_wconf 84' lang='lat' dir='ltr'><strong>voluptatibus</strong></span> <span class='ocrx_word' id='word_1_136' title='bbox 1924 2745 2268 2824; x_wconf 85' lang='lat' dir='ltr'><strong>ducantur,</strong></span> <span class='ocrx_word' id='word_1_137' title='bbox 2311 2743 2548 2828; x_wconf 83' lang='lat' dir='ltr'><strong>volup-</strong></span> 
     </span>
     <span class='ocr_line' id='line_1_21' title="bbox 665 2860 2547 2950; baseline -0.005 -14"><span class='ocrx_word' id='word_1_138' title='bbox 665 2884 866 2936; x_wconf 87' lang='lat' dir='ltr'><strong>tatum</strong></span> <span class='ocrx_word' id='word_1_139' title='bbox 931 2865 1201 2950; x_wconf 87' lang='lat' dir='ltr'><strong>insignia</strong></span> <span class='ocrx_word' id='word_1_140' title='bbox 1252 2879 1316 2929; x_wconf 89' lang='lat' dir='ltr'><strong>et</strong></span> <span class='ocrx_word' id='word_1_141' title='bbox 1359 2862 1486 2929; x_wconf 88' lang='lat' dir='ltr'><strong>sibi</strong></span> <span class='ocrx_word' id='word_1_142' title='bbox 1528 2877 1590 2928; x_wconf 90' lang='lat' dir='ltr'><strong>et</strong></span> <span class='ocrx_word' id='word_1_143' title='bbox 1628 2863 1887 2929; x_wconf 86' lang='lat' dir='ltr'><strong>caeteris</strong></span> <span class='ocrx_word' id='word_1_144' title='bbox 1940 2860 2324 2942; x_wconf 88' lang='lat' dir='ltr'><strong>informent,</strong></span> <span class='ocrx_word' id='word_1_145' title='bbox 2367 2861 2547 2945; x_wconf 84' lang='lat' dir='ltr'><strong>phal-</strong></span> 
     </span>
     <span class='ocr_line' id='line_1_22' title="bbox 665 2958 2549 3067; baseline -0.005 -13"><span class='ocrx_word' id='word_1_146' title='bbox 665 2990 766 3054; x_wconf 87' lang='lat' dir='ltr'><strong>los</strong></span> <span class='ocrx_word' id='word_1_147' title='bbox 830 3000 892 3051; x_wconf 89' lang='lat' dir='ltr'><strong>et</strong></span> <span class='ocrx_word' id='word_1_148' title='bbox 978 2977 1204 3050; x_wconf 81' lang='lat' dir='ltr'><strong>similia</strong></span> <span class='ocrx_word' id='word_1_149' title='bbox 1269 2986 1514 3067; x_wconf 91' lang='lat' dir='ltr'><strong>populo</strong></span> <span class='ocrx_word' id='word_1_150' title='bbox 1593 2994 1954 3065; x_wconf 86' lang='lat' dir='ltr'><strong>proponant</strong></span> <span class='ocrx_word' id='word_1_151' title='bbox 1987 3026 2011 3061; x_wconf 94' lang='lat'><strong>,</strong></span> <span class='ocrx_word' id='word_1_152' title='bbox 2099 2980 2163 3045; x_wconf 89' lang='lat' dir='ltr'><strong>in</strong></span> <span class='ocrx_word' id='word_1_153' title='bbox 2254 2958 2549 3046; x_wconf 59' lang='lat' dir='ltr'><strong>solemnia⁸</strong></span> 
     </span>
     <span class='ocr_line' id='line_1_23' title="bbox 665 3096 2550 3185; baseline -0.001 -20"><span class='ocrx_word' id='word_1_154' title='bbox 665 3103 790 3167; x_wconf 88' lang='lat' dir='ltr'><strong>bus</strong></span> <span class='ocrx_word' id='word_1_155' title='bbox 853 3100 1109 3185; x_wconf 88' lang='lat' dir='ltr'><strong>pompis</strong></span> <span class='ocrx_word' id='word_1_156' title='bbox 1186 3099 1336 3164; x_wconf 86' lang='lat' dir='ltr'><strong>haec</strong></span> <span class='ocrx_word' id='word_1_157' title='bbox 1439 3098 1877 3165; x_wconf 86' lang='lat' dir='ltr'><strong>circumferant</strong></span> <span class='ocrx_word' id='word_1_158' title='bbox 1921 3145 1945 3177; x_wconf 93' lang='lat'><strong>,</strong></span> <span class='ocrx_word' id='word_1_159' title='bbox 2028 3113 2105 3162; x_wconf 88' lang='lat' dir='ltr'><strong>ut·</strong></span> <span class='ocrx_word' id='word_1_160' title='bbox 2185 3096 2318 3161; x_wconf 85' lang='lat' dir='ltr'><strong>fieri</strong></span> <span class='ocrx_word' id='word_1_161' title='bbox 2379 3099 2550 3180; x_wconf 85' lang='lat' dir='ltr'><strong>apud</strong></span> 
     </span>
     <span class='ocr_line' id='line_1_24' title="bbox 662 3213 2549 3301; baseline -0.003 -18"><span class='ocrx_word' id='word_1_162' title='bbox 662 3217 1017 3301; x_wconf 79' lang='lat' dir='ltr'><strong>Aegyptios</strong></span> <span class='ocrx_word' id='word_1_163' title='bbox 1081 3217 1365 3296; x_wconf 88' lang='lat' dir='ltr'><strong>solebat,</strong></span> <span class='ocrx_word' id='word_1_164' title='bbox 1410 3218 1475 3263; x_wconf 60' lang='grc' dir='ltr'><strong>Ο)</strong></span> <span class='ocrx_word' id='word_1_165' title='bbox 1520 3220 1618 3281; x_wconf 89' lang='lat' dir='ltr'><strong>vel</strong></span> <span class='ocrx_word' id='word_1_166' title='bbox 1687 3215 2000 3281; x_wconf 88' lang='lat' dir='ltr'><strong>celebrent</strong></span> <span class='ocrx_word' id='word_1_167' title='bbox 2054 3213 2117 3277; x_wconf 91' lang='lat' dir='ltr'><strong>in</strong></span> <span class='ocrx_word' id='word_1_168' title='bbox 2177 3213 2493 3294; x_wconf 73' lang='lat' dir='ltr'><strong>mysteriis</strong></span> <span class='ocrx_word' id='word_1_169' title='bbox 2523 3261 2549 3292; x_wconf 93' lang='lat'><strong>,</strong></span> 
     </span>
     <span class='ocr_line' id='line_1_25' title="bbox 666 3310 2547 3417; baseline -0.004 -17"><span class='ocrx_word' id='word_1_170' title='bbox 666 3354 826 3417; x_wconf 86' lang='lat' dir='ltr'><strong>qnae</strong></span> <span class='ocrx_word' id='word_1_171' title='bbox 880 3333 1268 3400; x_wconf 85' lang='lat' dir='ltr'><strong>Graecorum</strong></span> <span class='ocrx_word' id='word_1_172' title='bbox 1326 3350 1454 3399; x_wconf 86' lang='lat' dir='ltr'><strong>erat</strong></span> <span class='ocrx_word' id='word_1_173' title='bbox 1501 3349 1759 3398; x_wconf 89' lang='lat' dir='ltr'><strong>vetusto</strong></span> <span class='ocrx_word' id='word_1_174' title='bbox 1800 3351 1955 3397; x_wconf 90' lang='lat' dir='ltr'><strong>aevo</strong></span> <span class='ocrx_word' id='word_1_175' title='bbox 2018 3310 2432 3395; x_wconf 87' lang='lat' dir='ltr'><strong>consuetudo.</strong></span> <span class='ocrx_word' id='word_1_176' title='bbox 2481 3324 2547 3371; x_wconf 69' lang='grc' dir='ltr'>ω</span> 
     </span>
     <span class='ocr_line' id='line_1_26' title="bbox 665 3451 2561 3533; baseline -0.004 -14"><span class='ocrx_word' id='word_1_177' title='bbox 665 3452 836 3519; x_wconf 86' lang='lat' dir='ltr'><strong>Nam</strong></span> <span class='ocrx_word' id='word_1_178' title='bbox 889 3451 1243 3517; x_wconf 85' lang='lat' dir='ltr'><strong>sacerdotes</strong></span> <span class='ocrx_word' id='word_1_179' title='bbox 1300 3453 1467 3533; x_wconf 86' lang='lat' dir='ltr'><strong>apud</strong></span> <span class='ocrx_word' id='word_1_180' title='bbox 1528 3451 1710 3515; x_wconf 84' lang='lat' dir='ltr'><strong>rudes</strong></span> <span class='ocrx_word' id='word_1_181' title='bbox 1769 3462 1981 3529; x_wconf 86' lang='lat' dir='ltr'><strong>gentes</strong></span> <span class='ocrx_word' id='word_1_182' title='bbox 2046 3463 2175 3510; x_wconf 89' lang='lat' dir='ltr'><strong>non</strong></span> <span class='ocrx_word' id='word_1_183' title='bbox 2245 3463 2395 3509; x_wconf 91' lang='lat' dir='ltr'><strong>sunt</strong></span> <span class='ocrx_word' id='word_1_184' title='bbox 2451 3464 2561 3512; x_wconf 86' lang='lat' dir='ltr'><strong>sa-</strong></span> 
     </span>
     <span class='ocr_line' id='line_1_27' title="bbox 665 3561 2603 3659; baseline -0.004 -23"><span class='ocrx_word' id='word_1_185' title='bbox 665 3570 913 3655; x_wconf 85' lang='lat' dir='ltr'><strong>pientes</strong></span> <span class='ocrx_word' id='word_1_186' title='bbox 940 3616 964 3648; x_wconf 91' lang='lat'><strong>,</strong></span> <span class='ocrx_word' id='word_1_187' title='bbox 1010 3569 1229 3650; x_wconf 87' lang='lat' dir='ltr'><strong>quales</strong></span> <span class='ocrx_word' id='word_1_188' title='bbox 1271 3568 1459 3632; x_wconf 90' lang='lat' dir='ltr'><strong>nobis</strong></span> <span class='ocrx_word' id='word_1_189' title='bbox 1504 3567 1845 3642; x_wconf 81' lang='lat' dir='ltr'><strong>dicuntur,</strong></span> <span class='ocrx_word' id='word_1_190' title='bbox 1904 3562 2025 3647; x_wconf 20' lang='lat' dir='ltr'><strong>,sed</strong></span> <span class='ocrx_word' id='word_1_191' title='bbox 2081 3561 2350 3644; x_wconf 83' lang='lat' dir='ltr'><strong>propius</strong></span> <span class='ocrx_word' id='word_1_192' title='bbox 2395 3583 2554 3659; x_wconf 67' lang='lat' dir='ltr'><strong>pau-</strong></span> <span class='ocrx_word' id='word_1_193' title='bbox 2595 3632 2603 3644; x_wconf 68' lang='grc'><strong>,</strong></span> 
     </span>
     <span class='ocr_line' id='line_1_28' title="bbox 666 3681 2551 3766; baseline -0.005 -11"><span class='ocrx_word' id='word_1_194' title='bbox 666 3688 733 3755; x_wconf 85' lang='grc'><strong>10</strong></span> <span class='ocrx_word' id='word_1_195' title='bbox 803 3686 1067 3755; x_wconf 87' lang='lat' dir='ltr'><strong>caeteris</strong></span> <span class='ocrx_word' id='word_1_196' title='bbox 1135 3686 1216 3752; x_wconf 88' lang='lat' dir='ltr'><strong>ad</strong></span> <span class='ocrx_word' id='word_1_197' title='bbox 1284 3682 1645 3766; x_wconf 85' lang='lat' dir='ltr'><strong>sapientiam</strong></span> <span class='ocrx_word' id='word_1_198' title='bbox 1732 3695 2129 3746; x_wconf 83' lang='lat' dir='ltr'><strong>accesserunt</strong></span> <span class='ocrx_word' id='word_1_199' title='bbox 2160 3727 2184 3762; x_wconf 92' lang='lat'><strong>,</strong></span> <span class='ocrx_word' id='word_1_200' title='bbox 2266 3681 2551 3762; x_wconf 88' lang='lat' dir='ltr'><strong>quamvis</strong></span> 
     </span>
    </p>

    <p class='ocr_par' dir='ltr' id='par_1_3' title="bbox 2448 3817 2555 3862">
     <span class='ocr_line' id='line_1_29' title="bbox 2448 3817 2555 3862; baseline 0 0"><span class='ocrx_word' id='word_1_201' title='bbox 2448 3817 2555 3862; x_wconf 89' lang='lat' dir='ltr'><strong>ru-</strong></span> 
     </span>
    </p>
   </div>
   <div class='ocr_carea' id='block_1_3' title="bbox 674 3974 2553 4139">
    <p class='ocr_par' dir='ltr' id='par_1_4' title="bbox 674 3974 2553 4139">
     <span class='ocr_line' id='line_1_30' title="bbox 748 3974 2553 4045; baseline 0 -19"><span class='ocrx_word' id='word_1_202' title='bbox 748 3975 831 4042; x_wconf 78' lang='grc'><strong>(1)</strong></span> <span class='ocrx_word' id='word_1_203' title='bbox 871 3976 1075 4028; x_wconf 79' lang='lat' dir='ltr'><strong>Herod.</strong></span> <span class='ocrx_word' id='word_1_204' title='bbox 1117 3981 1213 4045; x_wconf 60' lang='lat' dir='ltr'><strong>,H-</strong></span> <span class='ocrx_word' id='word_1_205' title='bbox 1265 4000 1311 4031; x_wconf 77' lang='grc' dir='ltr'><strong>ς.</strong></span> <span class='ocrx_word' id='word_1_206' title='bbox 1372 3979 1460 4032; x_wconf 75' lang='grc'><strong>48.</strong></span> <span class='ocrx_word' id='word_1_207' title='bbox 1614 3979 1694 4045; x_wconf 78' lang='lat'><strong>(2)</strong></span> <span class='ocrx_word' id='word_1_208' title='bbox 1735 3976 1807 4027; x_wconf 87' lang='lat' dir='ltr'><strong>V.</strong></span> <span class='ocrx_word' id='word_1_209' title='bbox 1858 3977 2030 4028; x_wconf 78' lang='lat' dir='ltr'><strong>Clem-</strong></span> <span class='ocrx_word' id='word_1_210' title='bbox 2092 3975 2252 4027; x_wconf 72' lang='lat' dir='ltr'><strong>Alex.</strong></span> <span class='ocrx_word' id='word_1_211' title='bbox 2305 3974 2553 4040; x_wconf 72' lang='lat' dir='ltr'><strong>Protrep-</strong></span> 
     </span>
     <span class='ocr_line' id='line_1_31' title="bbox 674 4048 2551 4139; baseline -0.004 -22"><span class='ocrx_word' id='word_1_212' title='bbox 674 4081 734 4135; x_wconf 61' lang='grc' dir='ltr'><strong>Ρ.</strong></span> <span class='ocrx_word' id='word_1_213' title='bbox 775 4062 839 4129; x_wconf 61' lang='grc' dir='ltr'><strong>ιδ</strong></span> <span class='ocrx_word' id='word_1_214' title='bbox 893 4070 949 4114; x_wconf 78' lang='lat' dir='ltr'><strong>et</strong></span> <span class='ocrx_word' id='word_1_215' title='bbox 1001 4080 1085 4116; x_wconf 84' lang='lat'><strong>20.</strong></span> <span class='ocrx_word' id='word_1_216' title='bbox 1146 4048 1358 4123; x_wconf 59' lang='lat' dir='ltr'><strong>arnob.</strong></span> <span class='ocrx_word' id='word_1_217' title='bbox 1396 4069 1518 4123; x_wconf 75' lang='lat' dir='ltr'><strong>adv.</strong></span> <span class='ocrx_word' id='word_1_218' title='bbox 1556 4076 1737 4139; x_wconf 76' lang='lat' dir='ltr'><strong>gentes</strong></span> <span class='ocrx_word' id='word_1_219' title='bbox 1778 4065 1847 4116; x_wconf 77' lang='lat' dir='ltr'><strong>T.</strong></span> <span class='ocrx_word' id='word_1_220' title='bbox 1885 4064 1958 4119; x_wconf 86' lang='lat' dir='ltr'><strong>V.</strong></span> <span class='ocrx_word' id='word_1_221' title='bbox 1993 4084 2047 4133; x_wconf 81' lang='lat' dir='ltr'><strong>p.</strong></span> <span class='ocrx_word' id='word_1_222' title='bbox 2105 4066 2188 4134; x_wconf 83' lang='lat'><strong>73.</strong></span> <span class='ocrx_word' id='word_1_223' title='bbox 2248 4062 2405 4134; x_wconf 80' lang='lat' dir='ltr'><strong>Quae</strong></span> <span class='ocrx_word' id='word_1_224' title='bbox 2446 4063 2551 4112; x_wconf 69' lang='lat' dir='ltr'><strong>Pa-</strong></span> 
     </span>
    </p>
   </div>
   <div class='ocr_carea' id='block_1_4' title="bbox 2409 4164 2558 4217">
    <p class='ocr_par' dir='ltr' id='par_1_5' title="bbox 2409 4164 2558 4217">
     <span class='ocr_line' id='line_1_32' title="bbox 2409 4164 2558 4217; baseline -0.007 0"><span class='ocrx_word' id='word_1_225' title='bbox 2409 4164 2558 4217; x_wconf 62' lang='grc' dir='ltr'><strong>ῑῑῖῑῑῑῐὶ</strong></span> 
     </span>
    </p>
   </div>
  </div>
 </body>
</html>
