2792 5167
237 639 445 705 oculo
473 686 500 720 ‚
565 652 698 707 tum
752 642 954 708 animo
995 643 1321 729 percipere
1367 637 1677 712 nitamur:
1722 660 1926 730 utque
1973 642 2139 732 pure

239 754 338 819 cri
390 771 601 837 amor,
657 760 838 825 semel
888 759 957 825 in
1000 761 1214 827 animo
1266 779 1565 827 accensus
1587 808 1614 842 ‚
1655 780 1778 830 nos
1821 763 1977 848 rapit
2008 764 2119 833 fu-

236 889 393 938 rore
467 874 738 956 quodam
802 891 866 941 et
941 876 1373 944 enthusiasmo
1423 878 1502 943 ad
1552 877 1763 962 ipsum
1817 884 2100 963 pulcrum

237 987 434 1071 plene
483 993 870 1077 penitusque
924 996 1432 1081 cognoscendum
1460 1042 1486 1077 ‚
1564 995 1653 1061 ita
1724 995 1890 1061 haud
1953 997 2105 1065 alius

230 1105 687 1176 existimandus
734 1111 1206 1179 enthusiasmus
1250 1127 1348 1179 est
1371 1160 1396 1194 ‚
1470 1131 1602 1195 quo
1644 1128 1872 1179 verum
1929 1129 2115 1196 appe·

218 1221 446 1289 timus·

307 1340 491 1407 Sunt
549 1343 657 1409 illa
713 1341 1002 1409 subtimia
1054 1361 1204 1409 sane
1267 1345 1733 1429 multorumque
1787 1345 2125 1413 videantur

213 1471 503 1540 captum
573 1475 922 1542 superare3
988 1460 1096 1526 sed
1121 1506 1148 1541 ‚
1235 1473 1309 1526 ut
1378 1459 1697 1528 Platonica
1765 1459 1899 1528 fere
1917 1492 1964 1543 ,’
2030 1462 2120 1528 ita·

221 1574 441 1656 haec,
513 1574 579 1640 in
640 1574 1025 1641 sublimitate
1076 1595 1359 1658 summa,
1416 1595 1628 1662 parem
1672 1577 1905 1645 habent
1960 1577 2113 1644 sim·

217 1690 623 1774 plicitatem:
673 1691 918 1776 quippe
966 1707 1224 1759 naturae
1276 1710 1690 1760 consentanea
1747 1695 2058 1761 humanae
2079 1742 2104 1776 ,

214 1810 416 1894 cujus
484 1809 614 1875 hoc
675 1809 999 1893 proprium
1042 1825 1141 1877 est
1167 1858 1191 1892 ‚
1257 1824 1331 1876 ut
1391 1811 1611 1895 pulcra
1670 1824 1923 1894 appetat
1986 1811 2117 1893 pri0·

221 1939 403 1990 mum
424 1971 452 2006 ,
505 1939 641 1992 tum
689 1924 822 1993 veri
859 1926 1120 1993 ducatur
1158 1945 1394 1993 amore.
1484 1927 1793 1995 Parvulos
1822 1928 2111 1996 videmus

217 2043 544 2110 continuo
603 2057 902 2129 appetere
969 2047 1214 2129 pulcra„
1248 2045 1297 2111 i.
1367 2064 1427 2112 e.
1498 2064 1930 2130 quaecumque
2010 2047 2109 2112 lu-

224 2173 419 2243 cent,
498 2162 870 2244 splendent,
947 2164 1170 2228 oculos
1223 2162 1502 2229 afficiunt
1548 2164 1836 2232 maxime.
1963 2163 2107 2229 Nec

218 2293 434 2346 tamen
502 2279 604 2344 his
663 2280 1016 2363 spectandis
1073 2295 1224 2345 sunt
1283 2280 1572 2346 contenti
1594 2326 1619 2360 ‚
1700 2297 1956 2344 manum
2000 2297 2110 2345 ex·

225 2398 515 2462 tendunt
567 2396 901 2462 identidem
929 2441 955 2474 ‚
1015 2407 1091 2458 ut
1158 2412 1232 2459 ea
1303 2407 1559 2478 tangant
1579 2439 1604 2473 ‚
1670 2405 2066 2458 contrectent
2087 2441 2111 2476 ,

222 2512 633 2597 corripiant:
704 2527 1092 2594 cognoscere
1158 2508 1426 2592 cupiunt
1472 2527 1633 2591 quae
1691 2509 2069 2574 admirantur
2083 2530 2110 2594 ,ε

226 2630 378 2696 veri
428 2629 715 2692 studium
770 2646 918 2693 cum
962 2625 1172 2708 pulcri
1223 2624 1625 2689 admiratione
1673 2628 2113 2708 conjungunt3

239 2746 433 2828 quod
479 2743 560 2808 iis
606 2744 893 2826 pulcrum
950 2755 1047 2807 est
1097 2740 1306 2806 visum
1330 2786 1357 2821 ‚
1408 2739 1510 2820 id,
1566 2738 1716 2822 quid
1756 2738 1844 2805 sit
1871 2753 1937 2805 et
1974 2759 2121 2822 qua-

233 2865 350 2945 le,
399 2862 568 2928 scire
622 2873 838 2926 avent.
926 2855 1232 2924 Infantiae
1303 2858 1450 2923 haec
1513 2871 1578 2924 et
1614 2858 1928 2942 pueritiae
1961 2859 2116 2925 ratio

229 2995 388 3048 ωτι
477 2977 818 3045 maturiore
871 2990 1074 3043 aetate
1148 2977 1340 3041 homo
1396 2975 1582 3042 altius
1638 2991 1928 3063 spectat:
1999 2996 2109 3044 ve-

231 3117 379 3166 rum
455 3115 625 3163 nunc
706 3094 958 3179 potiore
1030 3096 1176 3158 loco
1214 3141 1238 3174 ,
1321 3112 1506 3176 quam
1578 3096 1863 3176 pulcrum
1886 3142 1911 3178 ,
1991 3095 2106 3163 ha-

237 3215 398 3283 bet:
465 3215 643 3299 quod
711 3215 909 3302 specie
981 3229 1054 3277 se
1103 3211 1494 3277 commendat
1572 3211 1776 3295 pulcri
1802 3258 1827 3292 ‚
1890 3215 2105 3295 pueris

243 3335 541 3416 relinquit
573 3380 598 3414 ‚
684 3332 825 3414 ipse
907 3349 1129 3397 verum
1223 3327 1289 3392 in
1353 3328 1545 3392 rebus
1623 3326 1922 3391 omnibus
1948 3373 1974 3406 ,
2050 3325 2117 3393 in

255 3448 492 3530 pulcris
546 3448 700 3514 adeo
723 3494 749 3527 ,
789 3446 1126 3512 admiratur
1183 3444 1394 3509 unice.
1480 3441 1935 3506 Verumtamen
1960 3488 1984 3522 ‚
2026 3441 2122 3507 ni·

257 3560 318 3626 si
389 3561 544 3626 idem
604 3581 638 3628 a
704 3581 900 3646 puero
975 3563 1312 3630 admiratus
1385 3561 1606 3644 pulcra
1667 3556 1942 3640 fuisset,
2002 3549 2153 3626 nisi‘

253 3677 413 3745 haec
466 3675 531 3740 in
587 3677 785 3759 ipsius
827 3681 1036 3746 animo
1074 3679 1493 3745 suscitassent
1528 3674 1956 3760 aluissentque
2010 3697 2120 3745 ve·

247 3794 302 3861 ri
357 3810 636 3860 amorem
659 3840 683 3873 ‚
743 3812 952 3862 verum
1009 3797 1101 3862 sic
1162 3815 1364 3862 amare
1391 3842 1416 3875 ,
1487 3793 1576 3861 sic
1637 3793 1819 3861 unice
1858 3795 2116 3888 diligere

244 3929 309 3984 et
366 3911 660 3985 admirari
721 3929 849 3979 non
907 3914 1250 4003 coepisset.
1360 3911 1570 3978 Natus
1625 3913 1817 3982 homo
1884 3929 1982 3982 est
2041 3914 2121 3986 ad

247 4028 696 4114 inquirendum
721 4076 748 4114 ,
812 4029 1357 4117 cognoscendum,
1403 4031 1723 4104 veritatem
1782 4049 2127 4116 assequen-

1945 4145 2080 4209 dam
2101 4190 2125 4228 ,
