2792 5167
945 599 1333 664 ...155-

160 785 223 828 a
296 763 559 827 meliore
614 765 693 825 ad
752 764 1020 845 pejorem
1088 763 1507 827 conditionem
1569 781 1731 844 agit:
1812 764 2061 844 respicit

180 882 411 965 igitur
454 879 988 961 Atticae·quidem
1036 879 1409 963 reipublicae
1447 880 1915 962 democratiam,
1960 899 2064 945 ve·

184 1017 357 1063 rum
423 1001 497 1064 ea
556 997 815 1062 maxime
871 997 1274 1076 conditione,
1336 1017 1459 1079 qua
1509 1003 1623 1062 sua
1675 1011 1803 1061 erat
1842 1012 2063 1062 aetate.

186 1113 417 1198 Quod
472 1114 582 1179 ubi
639 1115 1124 1195 attenderimuS,
1188 1115 1484 1195 quadrare
1541 1114 1728 1178 nobis
1778 1114 1925 1178 haec
1969 1117 2073 1180 de·-

194 1231 543 1296 mocratici
599 1231 839 1314 imperii
889 1231 1230 1314 descriptio
1291 1231 1357 1295 in
1416 1231 1698 1296 civitates
1754 1249 1968 1297 omnes
2011 1247 2072 1294 et

188 1364 413 1429 regna
467 1349 816 1428 videbitur,
879 1350 942 1413 in
997 1347 1270 1430 quibus,
1332 1352 1542 1430 spreta
1583 1350 1946 1415 auctoritate
1989 1352 2074 1415 le·

199 1480 373 1547 gum
417 1483 486 1529 ac
529 1483 771 1529 sursum
811 1465 1229 1546 deorsumque
1249 1468 1506 1532 versatis
1531 1468 1857 1547 omnibus,
1895 1487 2073 1533 uuam

196 1582 435 1647 cuncti
493 1569 729 1645 insano
774 1582 983 1646 studio
1041 1599 1100 1646 et
1151 1584 1368 1648 ardore
1410 1583 1750 1649 libertatern
1798 1603 2074 1667 crepant.

210 1698 713 1764 Accuratissime
797 1714 998 1763 autem
1088 1700 1307 1768 tradita
1366 1718 1429 1765 et
1494 1702 1683 1766 veluti
1747 1703 1811 1767 in
1876 1704 2082 1769 tabula

210 1817 520 1898 expressa
600 1815 847 1880 Atticae
926 1816 1329 1882 democratiae
1402 1820 1807 1896 conditione,
1894 1839 2074 1899 quam

217 1930 554 1996 admodum
613 1931 735 1996 sibi
792 1948 1003 1997 notam
1059 1933 1305 1999 Glauco
1361 1935 1560 2014 dicit,
1604 1938 1678 2000 ad
1722 1936 1918 1998 virum
1959 1938 2078 2017 jam

220 2049 435 2130 pergit
469 2049 790 2129 Socrates,
836 2048 980 2112 huic
1003 2050 1240 2113 civitati
1265 2049 1561 2130 similem,
1585 2051 2078 2115 tfflscribendtun.

226 2164 437 2249 Quem
486 2183 632 2228 sane
673 2166 874 2229 locum
918 2166 1215 2230 attentius
1260 2167 1482 2249 legisse
1513 2214 1533 2246 ,
1584 2169 1633 2230 si
1682 2166 1943 2231 interius
1979 2187 2086 2231 ex-

234 2283 482 2361 plorare
522 2280 705 2344 animi
745 2282 994 2345 humani
1054 2281 1589 2362 cupiditatumque
1643 2285 1936 2347 rationem
1988 2301 2090 2346 ve·

234 2397 427 2461 limus
455 2441 478 2475 ‚
528 2414 653 2459 non
694 2398 954 2479 pigebit.
1140 2401 1147 2412 ‘

326 2512 431 2579 Sic
490 2513 675 2596 igitur
740 2515 940 2595 pergit
995 2517 1308 2580 Socrates,
1394 2515 1556 2579 Vide
1611 2518 1776 2599 jam,
1843 2516 2092 2594 inquit,

238 2631 385 2711 quis
428 2631 565 2694 talis
606 2630 705 2694 vir
748 2631 872 2695 sit:
916 2633 1014 2696 vel
1057 2632 1323 2714 primum
1349 2675 1371 2706 ‚
1422 2632 1632 2713 prouti
1680 2631 1743 2694 in
1780 2633 2092 2712 republica

238 2745 504 2812 fecimus
531 2791 555 2825 ,
595 2748 1086 2831 investigandum
1130 2766 1224 2813 est
1250 2795 1270 2826 ,
1314 2765 1578 2829 quonam
1605 2763 1783 2831 pacto
1804 2747 2091 2814 exsistat.

247 2864 432 2931 Avari
473 2880 662 2945 atque
709 2862 1063 2942 oligarchici
1110 2864 1298 2945 patris
1337 2864 1499 2929 iilius
1540 2864 1803 2946 primum
1847 2863 2093 2944 quidem

243 2981 611 3062 cupiditates
670 2980 1023 3058 coercebit,
1085 3001 1241 3062 quae
1293 2999 1422 3045 non
1479 2981 1851 3045 necessariae
1899 2996 2098 3059 sunt,

249 3119 375 3180 quo
419 3099 612 3181 magis
657 3118 811 3178 opes
853 3099 1166 3163 cumulet:
1232 3099 1385 3162 idem
1443 3118 1636 3179 vet-0,
1702 3099 1854 3178 ubi,
1917 3118 2094 3179 parca

249 3236 316 3281 ac
358 3217 495 3281 rudi
540 3218 777 3280 ratione
820 3218 1163 3294 educatus,
1216 3216 1474 3280 aliorum
1520 3220 1874 3298 voluptates
1917 3219 2098 3281 luxu-

252 3331 525 3413 riemque
561 3333 874 3396 attendere
907 3352 975 3397 ac
1013 3333 1336 3414 degustare
1364 3335 1682 3411 coeperit,
1727 3330 1906 3396 facile
1927 3347 2098 3397 totus

251 3449 753 3515 commutabitur.
845 3450 1171 3514 Continuo
1216 3447 1584 3528 repugnabit
1626 3446 1874 3510 sibimet
1915 3447 2047 3527 ipse
2073 3497 2096 3528 ‚

256 3585 439 3646 quum
499 3564 618 3629 alio
680 3581 958 3645 tempore
1013 3564 1246 3644 patris,
1311 3565 1433 3626 aiio
1476 3563 1940 3627 luxuriosorum
1985 3565 2102 3627 ho-

258 3681 484 3746 minum
550 3683 675 3744 vita
733 3700 870 3744 eum
936 3696 1177 3745 teneat:
1242 3696 1370 3742 tum
1429 3697 1623 3752 vei-0,
1681 3679 2096 3746 subeuntibus

256 3798 657 3863 adolescentis
710 3798 976 3861 animum
1006 3844 1028 3874 ‚
1091 3797 1298 3859 rudem
1345 3796 1525 3877 plane
1565 3809 1623 3856 et
1668 3796 1950 3862 doctrina
1993 3817 2096 3861 va-

254 3933 483 3991 cuum,
523 3911 882 3977 nullis-non
928 3910 1404 3993 voluptatibus,
1444 3911 1813 3991 cupiditates
1857 3917 2094 3978 tandem

255 4035 591 4113 κατέλαβον
630 4034 738 4107 τὴν
780 4038 888 4106 τῆς
926 4039 1133 4113 ψυχῆς
1176 4030 1532 4111 ἀκρόπολιν,
1578 4052 1784 4095 arcem
1826 4033 1962 4098 illic
1993 4053 2092 4099 ce-

257 4148 474 4228 perint.
536 4145 881 4232 Quodsiab
922 4145 1132 4210 amieis
1166 4146 1509 4212 subsidium
1548 4148 1808 4214 subinde
1843 4149 2096 4229 aliquod

2021 4269 2102 4326 la-
