2792 5167
1051 496 1427 562 --13...

309 665 494 749 gibus
550 662 894 731 condendis
954 678 1020 730 et
1078 666 1358 733 moribus
1434 663 1845 750 temperandis
1914 663 2159 750 prosint

303 781 589 864 civitati,
663 781 789 866 ipsi
857 782 1132 848 videant.
1251 782 1449 864 Non,
1511 798 1629 863 ut,
1696 800 1855 864 quae
1920 781 2163 866 singula

303 898 462 982 ipsis
537 898 894 982 singulatim
956 898 1224 984 singulis
1287 899 1449 966 locis
1501 897 2018 981 temporibusque
2072 895 2163 964 fa-

303 1017 527 1083 cienda
571 1015 737 1098 sint,
780 1015 1016 1083 scienta
1064 1016 1127 1093 id
1166 1032 1297 1082 non
1338 1030 1441 1083 est
1469 1014 1908 1099 philosophiae
1945 1015 2163 1098 exqui-

303 1150 480 1199 reres
544 1130 666 1216 ipsi
723 1131 815 1198 illi
870 1131 926 1198 si
985 1131 1102 1198 rite
1151 1130 1387 1199 fuerint
1427 1131 1661 1199 exculti
1699 1150 1770 1197 ac
1808 1134 2027 1198 nostra
2066 1129 2161 1195 in·

304 1247 633 1316 stitutione
699 1268 736 1314 e
807 1247 1134 1334 spectabili
1194 1248 1433 1315 mundo
1488 1247 1557 1313 in
1619 1251 1829 1331 ipsum
1887 1246 2162 1313 veritatis

303 1380 557 1451 regnum
622 1366 1007 1434 ascenderint
1029 1411 1053 1446 ‚
1118 1366 1184 1432 id
1240 1363 1419 1431 facile
1488 1362 1897 1448 perspicient.
2036 1363 2161 1430 Sed

304 1486 426 1550 hoc
463 1485 715 1568 ipsum,
760 1485 934 1566 quod
969 1482 1238 1550 dicimus
1265 1527 1291 1563 ,
1335 1480 1853 1564 quemadmodum
1898 1500 2059 1566 quae
2092 1481 2156 1546 in

306 1601 569 1684 pueritia
629 1616 690 1667 et
747 1597 1205 1681 adolescentia,
1263 1598 1423 1664 duce
1456 1598 1861 1683 philosophia
1882 1647 1906 1679 ‚
1949 1618 2158 1681 perce·

303 1730 532 1802 petunt
549 1764 574 1799 ,
633 1718 716 1784 ad
778 1717 931 1783 bene
991 1717 1294 1798 beateque
1335 1715 1667 1782 vivendum
1712 1730 1775 1779 et
1813 1714 2159 1797 provehen-

307 1835 447 1902 dam
507 1812 760 1901 civium⁸
800 1835 1123 1901 honestam
1186 1834 1551 1914 beatamque
1612 1832 1802 1898 vitam
1868 1830 2156 1899 adbibere

304 1950 609 2033 debeant,
668 1950 734 2018 id
788 1952 1155 2035 exquirere,
1214 1949 1278 2016 id
1338 1950 1539 2033 palam
1578 1945 1780 2014 facere
1822 1947 2158 2030 omnibus,

309 2068 376 2134 id
435 2068 645 2152 generi
704 2068 1025 2150 humano,
1088 2082 1161 2132 ut
1226 2081 1433 2132 cesset
1473 2064 1802 2149 aliquando
1839 2064 1940 2132 his
1980 2065 2157 2132 malis

233 2240 250 2247 -
310 2184 589 2250 laborare
642 2197 703 2250 et
743 2200 914 2251 recte
951 2182 1076 2249 sibi
1119 2183 1409 2250 consulat
1429 2226 1455 2262 ,
1513 2182 1884 2265 persuadere
1899 2228 1925 2264 ‚
1960 2183 2159 2271 philo·

311 2301 526 2390 sopln’a
544 2300 717 2384 jurei
755 2299 965 2367 debet.
1357 2302 1366 2312 '

392 2417 721 2487 Pervenire
765 2414 956 2483 nobis
976 2463 1002 2499 ‚
1064 2416 1130 2482 in
1181 2417 1295 2484 hac
1347 2414 1784 2501 philosophiae
1812 2414 2160 2483 Platonicae

307 2535 748 2623 progressione
799 2531 1169 2620 gravissima
1192 2580 1218 2616 ,
1259 2535 1345 2601 ad
1382 2553 1550 2600 sacra
1587 2533 1723 2618 ejus
1760 2533 2029 2617 majora,
2070 2537 2157 2604 τὰ

304 2658 493 2726 τέλεα
545 2655 647 2723 καὶ
696 2656 998 2725 lau-mix&
1018 2697 1043 2733 ,
1112 2652 1192 2720 ad
1243 2666 1527 2718 sanctum
1569 2665 1630 2717 et
1670 2648 1951 2719 divinum
1997 2668 2160 2716 non·

306 2770 455 2837 dum
515 2769 788 2836 licebite·
855 2782 990 2835 tum
1037 2769 1286 2835 demum
1342 2767 1597 2850 licebit,
1658 2788 1852 2851 quum
1892 2788 1929 2834 a
1967 2768 2181 2836 rebus

307 2885 598 2955 humanis
660 2881 963 2952 fuerimus
1024 2885 1103 2950 ad
1160 2883 1403 2953 divinas
1462 2885 1823 2971 progressi3
1869 2900 2160 2954 verunta-

311 3016 454 3068 men
515 3001 582 3067 in
635 2998 735 3068 his
791 3000 948 3084 ipsis
1000 3000 1079 3067 de
1123 3000 1370 3087 iustitia
1405 3022 1477 3068 ac
1519 3001 1815 3070 felicitate
1860 3003 2155 3087 disquisi-

303 3118 587 3185 tionibus
642 3115 1004 3184 accedemus
1051 3117 1199 3183 illuc
1247 3117 1556 3201 proxime.
1643 3120 1805 3187 Nam
1855 3122 1976 3187 hoc
2009 3139 2158 3203 pro-

307 3233 524 3317 posito
566 3232 947 3316 exquirenda
990 3232 1180 3301 nobis
1215 3233 1492 3318 perfecta
1532 3238 1753 3303 civitas
1770 3284 1794 3319 ,
1830 3237 2157 3318 exquiren-

311 3352 429 3416 dus
489 3350 554 3416 in
612 3350 829 3434 primis
895 3350 1084 3416 homo
1147 3349 1463 3434 perfectus
1511 3351 1673 3434 erit,
1718 3368 1833 3433 ut,
1877 3353 2031 3436 quid
2071 3354 2157 3420 sit

308 3465 551 3552 justitia
572 3514 596 3549 ,
654 3466 808 3550 quid
865 3466 993 3533 vita
1053 3466 1264 3548 beata,
1323 3467 1724 3551 reperiamus.
1840 3470 2156 3537 Valebunt

312 3598 520 3650 autem
571 3602 648 3649 eo
697 3584 885 3651 simul
945 3581 1416 3665 disquisitiones
1477 3599 1724 3651 nostrae
1745 3632 1769 3665 ‚
1833 3601 1901 3652 ut
1950 3606 2154 3654 exem·

309 3702 488 3786 plum
572 3701 900 3767 habeamus
977 3698 1310 3783 aliquando
1332 3746 1358 3778 ‚
1432 3701 1511 3767 ad
1573 3703 1756 3786 cujus
1816 3702 2153 3786 perfectam

311 3818 580 3905 speciem
622 3836 722 3883 res
758 3832 1008 3883 nostras
1046 3832 1167 3882 tam
1206 3816 1576 3884 domesticas
1611 3838 1792 3901 quam
1829 3822 2154 3908 politicas,

311 3952 445 4003 tum
478 3952 628 4002 vero
663 3933 922 4000 maxime
950 3933 1403 4017 nosmetipsos
1432 3934 1918 4005 conformemus.
1978 3941 2157 4027 Quae

309 4072 434 4120 una
481 4050 799 4119 verissima
845 4052 1012 4134 apud
1073 4050 1387 4119 Platonem
1430 4056 1640 4122 est-ad
1683 4075 1849 4123 sacra
1893 4057 1995 4124 illa
2034 4078 2161 4125 ma·

2056 4183 2158 4266 Jo-
