2792 5167
1410 511 1759 574 -Μ,

663 669 824 738 citur
881 684 1085 740 autem
1145 688 1268 738 una
1324 689 1465 736 cum
1524 671 1872 739 Theodoro
1912 685 2316 755 praeceptore
2336 718 2358 752 ,
2407 669 2522 754 qui

657 805 824 854 unus
864 787 1076 871 potuit
1137 787 1379 871 optime
1428 788 1509 854 de
1558 790 1699 873 ejus
1760 787 2010 873 ingenio
2044 789 2341 874 judicare.
2433 789 2529 856 Et

656 923 813 972 vero
868 917 1342 987 argumentum,
1408 905 1488 970 de
1554 924 1688 986 quo
1738 906 1940 991 agitur
1961 953 1985 986 ,
2046 909 2309 974 scientia
2350 919 2473 978 'est
2499 953 2525 987 ‚

659 1038 791 1104 quo
833 1035 908 1087 ut
949 1020 1188 1085 nullum
1237 1020 1298 1085 in
1339 1021 1744 1106 philosophia
1798 1022 2051 1108 gravius
2094 1036 2194 1089 cst
2244 1026 2347 1089 vel
2394 1043 2532 1089 ma·

651 1140 822 1225 ina,
849 1135 936 1203 ita
981 1138 1221 1203 nullum
1264 1136 1708 1222 philosopham
1765 1137 2035 1205 indolem
2092 1159 2238 1205 cum
2295 1141 2525 1205 adver·

657 1254 744 1321 tit
775 1254 1002 1342 ,magis
1024 1302 1049 1337 ,
1105 1269 1237 1321 tum
1301 1253 1530 1321 excitat
1600 1255 2056 1323 vehementius.
2144 1255 2269 1321 Sed
2312 1256 2521 1340 ipsam

655 1374 781 1459 jam
835 1372 1225 1440 attendamus
1290 1370 1707 1440 Theaetetum
1729 1419 1755 1455 ,
1833 1391 2028 1455 quum
2080 1372 2133 1439 is
2196 1390 2338 1438 cum
2394 1372 2525 1438 So·

654 1506 827 1557 crate
873 1490 1248 1574 colloquens
1299 1492 1377 1557 ad
1430 1491 1557 1556 hoc
1612 1505 2046 1582 argumentum
2098 1488 2360 1556 accedit.
2445 1489 2530 1554 In

654 1605 802 1692 ipso
855 1608 1079 1674 horum
1138 1608 1467 1692 colloquio
1550 1622 1681 1673 tota
1740 1607 1928 1673 nobis
1988 1605 2313 1692 apparebit
2372 1607 2537 1673 ado·

655 1725 988 1792 lescentuli
1029 1725 1299 1791 indoles.

739 1840 1020 1908 Vixdum
1078 1842 1228 1909 haec
1287 1840 1367 1909 de
1428 1840 1780 1910 Theaeteto
1836 1842 2076 1911 Socrati
2121 1841 2528 1909 nunciaverat

663 1957 1095 2038 Theodorus,
1162 1978 1359 2040 quum
1388 2006 1413 2039 ,
1475 1958 1649 2024 ecce!
1721 1958 1860 2041 ipse
1926 1956 2097 2023 forte
2159 1958 2533 2024 adolescens

649 2094 798 2143 cum
835 2076 971 2142 aliis
1014 2075 1273 2141 accedit.
1362 2076 1525 2140 Nam
1575 2075 1775 2140 stadio
1839 2074 2157 2154 exierant,
2202 2086 2277 2140 ut
2324 2092 2533 2159 unge-

651 2204 914 2272 rentur,
959 2208 1126 2256 nunc
1187 2189 1360 2256 uncti
1396 2190 1622 2255 adsunt
1672 2190 1994 2274 paratique
2038 2189 2115 2254 ad
2150 2202 2520 2274 certamen.)

649 2307 762 2375 ille
798 2322 1002 2375 autem
1050 2306 1322 2374 medium
1378 2305 1544 2373 inter
1596 2306 1740 2371 illos
1795 2307 2007 2371 locum
2040 2291 2275 2372 'tenen
2366 2304 2526 2393 Quo

653 2439 1003 2511 conspecto
1025 2472 1049 2507 ,
1107 2423 1322 2506 atqui,
1343 2481 1354 2486 -
1377 2422 1585 2506 inquit
1638 2422 1974 2503 Socrates,
2016 2422 2291 2507 cognovi
2342 2424 2533 2508 juve·

651 2561 842 2624 nem,
909 2541 1194 2624 quamvis
1254 2559 1485 2607 nomen
1553 2539 1823 2606 excidit:
1908 2536 2350 2624 Euphorionis
2421 2555 2529 2607 est

654 2658 869 2740 filius,
914 2658 1034 2724 viri
1077 2677 1262 2741 sane,
1310 2677 1351 2722 o
1396 2637 1638 2738 amice,
1682 2657 1823 2723 talis
1869 2658 2092 2741 plane,
2150 2658 2393 2741 qualem
2448 2672 2564 2758 tu·

654 2773 825 2841 hunc
867 2775 1277 2858 descripsisti.
1366 2774 1492 2841 Sed
1532 2794 1690 2860 age,
1736 2776 1904 2841 hunc
1963 2775 2120 2861 jube
2176 2775 2365 2842 nobis
2420 2777 2528 2843 hic

649 2869 984 2963 assidere.)
1028 2891 1223 2977 Quod
1265 2906 1335 2956 ut
1374 2889 1608 2957 fecerat
1657 2892 2038 2960 Theodorus
2081 2895 2335 2960 nomine
2371 2913 2530 2978 pro-

647 3006 946 3071 nunciato
1006 3005 1224 3087 pueri,
1293 3006 1417 3072 huc
1493 3006 1790 3090 omnino,
1863 3009 2244 3091 Theaetete,
2307 3008 2519 3094 adjicit

649 3121 939 3187 Socrates
963 3167 987 3202 ,
1032 3121 1157 3186 huc
1194 3122 1272 3187 ad
1314 3141 1435 3188 nos
1478 3124 1741 3207 accede,
1788 3140 1865 3191 ut
1916 3145 2034 3213 ego
2078 3126 2513 3211 memetipsum

650 3236 1061 3320 conspiciam.
1122 3239 1314 3310 ‚Nam
1361 3239 1521 3305 dixit
1558 3240 1987 3326 Theodorus,
2032 3245 2214 3309 vultu
2258 3262 2358 3310 me
2399 3241 2520 3308 tibi

650 3353 1033 3422 simillimum
1091 3374 1256 3422 esse.
1359 3357 1787 3428 Veruntamen
1859 3377 1931 3427 ut
2010 3374 2305 3444 constet,
2370 3379 2525 3429 vere

653 3473 779 3540 hoc
816 3473 1050 3544 dixisse
1079 3473 1536 3558 Theodorum,
1582 3495 1794 3546 nonne
1853 3480 2271 3563 quaerendum
2302 3480 2524 3552 mobis

651 3607 795 3674 est,
840 3611 992 3660 num
1017 3591 1327 3678 -pingendi
1366 3593 1422 3658 is
1464 3607 1656 3661 artem
1705 3609 1955 3679 teneat,
2002 3615 2117 3662 nec
2158 3616 2240 3665 ne
2265 3597 2300 3665 2
2360 3598 2527 3666 Nam

648 3708 911 3792 pictoris
964 3725 1098 3792 est,
1165 3712 1244 3777 de
1304 3709 1528 3780 formis
1584 3709 2059 3798 formarumque
2115 3714 2524 3788 similitudine

644 3821 966 3910 judicare,
1048 3843 1119 3894 ut
1186 3829 1470 3910 musici,
1540 3829 1619 3896 de
1694 3829 2105 3898 similitudine
2188 3807 2513 3901 sonorum.

647 3939 939 4009 Pictorne
996 3943 1191 4027 igitur
1245 3962 1344 4012 est
1401 3931 1836 4014 Theodorus?
1902 3987 1989 4002 —
2036 3949 2190 4014 Non
2237 3965 2520 4028 est,‘re-

649 4057 919 4148 spondet
979 4057 1363 4128 Theaetetus
1386 4109 1413 4145 ,
1481 4064 1655 4150 quod
1699 4064 1913 4130 sciam.
1968 4097 2055 4111 --
2096 4066 2331 4129 Nonne
2369 4080 2521 4146 geo-

2330 4231 2343 4241 ·
2396 4198 2526 4251 ule·
