2792 5167
950 481 1334 536 —nx—

218 647 477 716 minlsse
535 664 798 732 prorsus
848 661 1126 730 oportet.
1193 680 1286 699 —
1364 645 1598 711 Nonne
1654 650 1737 730 τῷ
1787 650 2071 731 nomem&

212 763 511 832 convenit
572 763 916 848 imperare,
976 782 1118 831 cum
1162 763 1410 847 sapiens
1451 763 1580 841 sit,
1643 779 1934 846 geratque
1973 776 2074 828 to·

216 881 344 949 tius
390 881 581 948 animi
621 880 1071 964 providentiam
1094 881 1129 945 ⁴2
1206 885 1290 966 τῷ
1333 884 1624 964 θυμοειδεῖ
1655 898 1848 961 vero,
1893 880 2078 947 obse-

221 997 334 1081 qui
394 996 620 1065 rationi
677 1017 921 1081 proque
984 997 1086 1065 illa
1147 999 1477 1081 pugnare?
1536 1032 1631 1050 -
1709 998 1917 1064 Plane.
1983 1029 2076 1049 —

222 1117 459 1186 Nonne
511 1115 781 1192 musicae
821 1129 884 1180 et
923 1115 1341 1198 gymnasticae
1396 1114 1736 1198 aequabilis
1780 1115 2083 1200 coniunc-

222 1234 365 1315 tio,
409 1248 479 1299 ut
521 1231 855 1299 concordia
895 1232 998 1298 illa
1059 1231 1226 1311 sint,
1262 1231 1497 1311 efficit,
1541 1232 1797 1298 alterum
1858 1233 2079 1298 horum

219 1351 543 1418 intendens
604 1367 971 1433 augensque
1034 1362 1100 1414 ct
1160 1348 1493 1431 praeclaris
1557 1345 1952 1413 sermonibus
2010 1365 2083 1413 ac

213 1466 565 1551 disciplinis
601 1464 927 1546 nutriens,
958 1466 1229 1552 ‘alterum
1269 1483 1424 1531 vero
1464 1464 1816 1545 remittens,
1859 1465 2102 1533 sedans·

213 1604 287 1654 ac
324 1604 439 1670 per
469 1583 848 1652 harmoniam
873 1596 1064 1665 atque
1094 1582 1410 1666 rythmum
1438 1578 1921 1648 mansuefaciens
1939 1582 2088 1649 2-

220 1705 520 1774 Maxime.
559 1737 655 1755 -
738 1702 909 1767 Haec
952 1699 1147 1785 igitur
1188 1700 1281 1764 sic
1328 1698 1600 1780 nutrita,
1643 1718 1785 1765 cum
1835 1717 1948 1766 sua
1998 1716 2097 1764 re·

156 1839 167 1852 ·
222 1842 366 1890 vern
407 1820 737 1888 didicerint
756 1864 783 1894 ,
849 1835 1060 1884 nonne
1100 1835 1387 1901 praeesse
1428 1821 1510 1901 τῷ
1553 1818 1946 1900 &mevam-m&
1985 1815 2092 1883 de·

228 1939 516 2018 bebunt,
575 1935 752 2021 quod
812 1935 1132 2001 maximam
1178 1934 1363 1999 animi
1408 1948 1639 2015 partem
1688 1911 1754 1998 in
1803 1951 2095 2016 unoquo·

236 2071 364 2137 que
401 2053 623 2135 efficit,
680 2070 797 2118 nec
837 2051 1073 2119 divitiis
1132 2049 1367 2134 expleri
1405 2053 1623 2116 natura
1661 2041 1788 2115 non
1842 2063 2089 2133 potest:

228 2171 707 2252 avebantque,
770 2186 849 2234 ne
905 2168 1103 2248 illud,
1172 2165 1461 2249 corporis
1516 2164 1948 2247 voluptatibus
2002 2185 2098 2232 re-

222 2286 505 2370 pletum,
587 2286 875 2371 grandius
937 2284 1394 2366 robustiusque
1457 2282 1674 2347 evadat
1700 2328 1724 2362 ,
1809 2281 2093 2363 nolitque

140 2403 159 2426 ⁸
229 2423 352 2470 suo
387 2401 565 2488 fungi
615 2402 866 2483 officio,
911 2401 1024 2468 sed
1059 2400 1367 2485 subjicere
1407 2397 1530 2463 sibi
1576 2397 1678 2463 illa
1720 2398 2094 2476 contendat,

232 2516 466 2601 quibus
523 2518 825 2600 imperare
875 2519 1095 2582 natura
1137 2532 1267 2581 non
1318 2514 1550 2594 debet,
1594 2528 1784 2597 atque
1831 2515 1916 2580 ita
1959 2513 2097 2579 uni·

227 2652 467 2701 versam
510 2632 786 2698 omnium
826 2632 1013 2698 vitam
1059 2644 1392 2715 pervertat.
1419 2665 1511 2681 —
1552 2631 1657 2697 Sic
1696 2637 1980 2715 prorsus.
2006 2672 2096 2689 -

231 2751 406 2837 Quin
457 2750 638 2817 etiam
696 2750 773 2815 ab
831 2723 1100 2815 externis
1160 2746 1453 2814 hostibus
1510 2748 1639 2814 duo
1695 2748 1799 2813 illa
1854 2748 2093 2831 optime

234 2869 591 2935 universum
644 2881 708 2931 et
764 2867 1032 2932 animum
1077 2881 1139 2931 et
1194 2884 1426 2946 corpus
1466 2864 1905 2946 vindicabunt,
1948 2886 2093 2934 cum

238 2986 393 3054 illud
434 2984 683 3067 quidem
738 2983 1002 3068 provide
1056 2981 1366 3061 consulit,
1412 2981 1532 3047 hoc
1573 2997 1776 3048 autem
1818 3000 2098 3066 propug-

237 3119 385 3185 nat,
406 3100 676 3186 principi
717 3099 1191 3183 obtemperans,
1228 3115 1290 3163 et
1311 3096 1715 3180 fortitudine,
1762 3117 1921 3181 quae
1948 3116 2100 3163 con-

237 3221 402 3287 sulta
440 3233 631 3299 sunt,
680 3233 1005 3301 peragens.
1046 3252 1137 3270 -
1184 3216 1343 3281 Vera
1393 3217 1541 3282 haec
1588 3228 1761 3282 sunt.
1803 3252 1894 3270 -
1945 3215 2098 3282 For·

233 3351 360 3402 tem
426 3331 712 3418 profecto
770 3334 885 3398 hac
944 3352 1016 3398 ex
1076 3346 1249 3415 parte
1300 3333 1502 3418 virum
1557 3351 1869 3416 quemque
1916 3352 2101 3402 voca·

240 3470 431 3533 mus,
492 3451 648 3533 ubi,
707 3449 883 3533 quod
933 3449 1055 3532 ipsi
1121 3450 1327 3531 inest,
1389 3455 1682 3534 θυμοειδὲς
1745 3449 1809 3515 in
1876 3451 2093 3516 mediis

239 3566 676 3650 voluptatibus
718 3584 789 3632 ac
830 3564 1159 3633 doloribus
1210 3566 1275 3634 id
1324 3566 1668 3647 observat,
1711 3568 1884 3648 quod
1940 3567 2098 3633 ratio

236 3684 643 3771 praescripsit
680 3684 781 3750 vel
825 3681 1098 3748 terribile
1147 3683 1247 3747 vel
1304 3700 1435 3749 non
1478 3682 1748 3766 terribile
1799 3701 1961 3753 esse.
2002 3720 2094 3736 —

234 3803 457 3871 Recte.
502 3827 591 3854 -ι
672 3799 1024 3881 Sapientem
1101 3817 1250 3866 vero
1323 3803 1514 3883 parva
1571 3798 1677 3864 illa
1738 3818 1813 3864 ex
1871 3814 2044 3882 parte
2071 3846 2096 3879 ,
2131 3874 2156 3897 ·

236 3937 397 4000 quae
452 3933 516 3983 et
574 3916 834 3999 imperat
895 3915 961 3981 in
1029 3916 1172 3999 ipso
1236 3932 1299 3982 et
1364 3917 1482 3983 ista
1557 3916 1793 3997 dictat,
1859 3919 2093 3983 habens

236 4037 381 4100 item
429 4034 491 4098 in
555 4051 694 4099 sese
732 4032 1090 4114 scientiam,
1136 4053 1257 4117 qua
1304 4034 1649 4118 discernit,
1691 4035 1842 4117 quid
1886 4035 2100 4118 potis·

2012 4168 2094 4214 si·
