2792 5167
1480 512 1568 529 ..-
1609 478 1831 558 76...-

730 656 850 723 bus
889 655 1213 737 laborant,
1272 655 1672 724 calamitates.
1771 654 1966 738 Finge
2013 655 2336 738 populum
2391 651 2459 720 in
2503 652 2588 722 ei-

726 773 1026 840 vitatibus
1088 774 1322 838 nostris
1374 772 1807 856 gubernatoris
1866 773 2105 850 instar,
2147 776 2267 853 qui
2305 769 2396 836 sit
2429 786 2586 852 mag·

726 892 1010 957 nitudine
1060 906 1122 955 et
1172 890 1397 955 robore
1437 890 1721 970 corporis
1775 907 1920 971 prae
1959 888 2222 953 caeteris
2265 887 2578 964 eminens,

726 1007 1078 1074 subsurdus
1135 1025 1283 1071 vero
1345 1020 1408 1070 et
1471 1003 1670 1071 oculis
1733 1005 2015 1071 hebetior
2065 1024 2179 1071 nec
2239 1019 2456 1094 mente
2511 1003 2582 1069 ad

730 1143 830 1190 res
890 1125 1165 1192 nauticas
1238 1123 1697 1206 cognoscendas
1771 1121 2024 1188 melior:
2105 1139 2342 1188 nautas
2388 1135 2578 1187 autem

729 1241 894 1307 inter
948 1259 1018 1308 se
1061 1243 1138 1307 de
1178 1241 1620 1322 gubernatione
1658 1253 1961 1304 certantes
1992 1285 2016 1318 ,
2058 1257 2341 1318 quorum
2402 1255 2581 1303 unus·

728 1358 1001 1440 quisque
1062 1374 1283 1440 putet,
1342 1375 1412 1421 se
1477 1356 1725 1438 dignum
1793 1354 2051 1436 imperio
2113 1372 2308 1435 esse,
2374 1372 2581 1435 quam·

726 1479 913 1556 quam·
967 1490 1082 1537 nec
1136 1487 1326 1538 artem
1379 1471 1658 1538 didicerit
1715 1489 1984 1552 unquam
2041 1488 2154 1537 nec
2213 1486 2578 1554 praecepto·

723 1608 848 1655 rem
903 1587 1230 1654 ostendere
1300 1588 1549 1671 possit,
1587 1571 1725 1653 ¹nec
1775 1603 2020 1669 tempus
2049 1599 2198 1670 'quo
2239 1587 2572 1665 didicerit,

719 1704 879 1770 dicat
926 1705 1125 1783 adeo,
1189 1702 1346 1769 disci
1402 1719 1592 1770 artem
1652 1722 1782 1770 non
1847 1724 2082 1788 posse,
2147 1707 2391 1790 quique
2454 1706 2570 1771 hoe

713 1820 1044 1900 statuerit,
1101 1819 1269 1886 ferro
1334 1819 1752 1903 aggrediatur:
1818 1823 1970 1886 tales
2026 1821 2190 1905 finge
2233 1836 2444 1888 nautas
2483 1819 2562 1884 ad

712 1935 1182 2020 gubernatorem
1223 1935 1397 2000 ilium
1440 1936 1755 2002 confluere
1779 1983 1802 2016 ,
1848 1938 2169 2003 obsecrare
2209 1937 2558 2019 obnixeque

711 2054 1083 2118 contendere
1107 2095 1131 2134 ,
1191 2067 1263 2118 ut
1319 2050 1476 2134 ipsis
1528 2053 1947 2136 gubernacula
1993 2056 2228 2122 tradat:
2290 2055 2560 2122 subinde

712 2171 912 2250 adeo,
958 2170 1066 2235 ubi
1106 2189 1233 2236 non
1272 2169 1688 2253 persuaserint
1725 2169 1891 2251 ipsi,
1937 2171 2049 2235 sed
2081 2170 2229 2252 alii,
2271 2172 2397 2238 bos
2425 2170 2559 2234 ilios

710 2288 814 2352 vel
856 2287 1195 2371 perimere,
1259 2289 1357 2352 vel
1412 2305 1449 2353 e
1503 2286 1643 2352 navi
1695 2287 1956 2370 ejicere,
2012 2306 2082 2353 ac
2127 2304 2505 2369 postremum
2529 2329 2552 2364 ,

715 2402 890 2469 bono
952 2404 1064 2470 illo
1109 2404 1283 2470 navis
1334 2402 1614 2485 principe
1671 2421 1781 2484 per
1819 2402 2281 2486 mandragoram
2327 2404 2426 2469 vel
2475 2401 2561 2465 vi·
2601 2463 2608 2470 .

710 2540 861 2587 num
904 2537 1211 2603 occupato
1258 2521 1596 2600 vinctoque
1618 2566 1639 2597 ‚
1703 2519 2211 2602 gubernationem
2255 2509 2438 2587 naitis
2477 2535 2561 2582 ar-

711 2636 954 2719 ripere,
1034 2635 1461 2718 praesentibus
1537 2635 1720 2701 rebus
1797 2635 1934 2717 uti,
2009 2635 2160 2701 vino
2240 2651 2310 2702 et
2369 2632 2552 2719 epuiis

711 2753 1033 2837 indulgere
1085 2768 1271 2835 atque
1326 2753 1410 2816 ita
1463 2752 1845 2836 gubernare,
1911 2767 1979 2816 ut
2035 2753 2401 2838 hujusmodi
2445 2752 2552 2818 ho·

710 2871 908 2935 mines
966 2869 1466 2954 gubernaturos,
1527 2868 1881 2934 verosimile
1934 2883 2068 2935 est:
2131 2888 2354 2937 omnes
2395 2885 2553 2953 prae·

707 3001 869 3052 terea
926 3005 1065 3051 eum
1125 2986 1418 3061 laudare,
1486 3004 1624 3050 eum
1679 2999 1923 3050 nautam
1977 3001 2039 3051 et
2087 2986 2549 3069 gubernatorem

706 3119 973 3182 vocare,
1034 3120 1212 3181 eum,
1278 3120 1438 3181 quae
1498 3102 1578 3166 ad
1637 3121 1854 3166 navem
1909 3117 2239 3185 spectant,
2301 3107 2548 3178 callere,

708 3219 1066 3303 quicunque
1123 3220 1200 3285 ad
1242 3219 1420 3284 navis
1467 3218 1887 3300 usurpandum
1939 3219 2401 3314 principatum,
2463 3217 2551 3283 vel

709 3337 1110 3422 persuasione
1151 3338 1252 3402 vel
1294 3335 1358 3400 vi
1398 3335 1693 3417 opitulari
1749 3333 1906 3416 ipsis
1943 3334 2191 3416 possit,
2260 3339 2372 3417 qui
2420 3350 2553 3400 vero

709 3456 773 3522 id
822 3473 950 3523 non
996 3454 1240 3539 possit,
1299 3468 1604 3535 tamquam
1651 3451 1932 3517 inutilem
1983 3450 2378 3536 vituperare;
2426 3449 2548 3518 veri

703 3587 907 3640 autem
979 3568 1406 3655 gubernatoris
1474 3567 1742 3633 officium
1809 3586 1888 3632 ne
1957 3567 2348 3651 suspicantes
2423 3566 2550 3651 qui·

708 3688 886 3766 dem,
951 3705 1204 3753 necesse
1264 3685 1353 3750 ilii
1413 3703 1588 3763 esse,
1634 3699 1704 3749 ut
1752 3683 2049 3749 rationem
2105 3685 2324 3752 habeat
2367 3686 2544 3763 anni,

705 3818 1179 3889 tempestatum,
1212 3803 1412 3882 coeii,
1446 3814 1789 3881 astrorum,
1838 3816 2207 3883 ventorum,
2253 3804 2546 3869 omnium·

708 3939 877 4002 que,
921 3938 1077 4001 quae
1117 3920 1194 3985 ad
1234 3934 1424 3985 artem
1466 3918 1812 4002 pertinent,
1880 3918 1932 3983 si
1987 3920 2366 4002 gubernator
2406 3918 2540 4003 quis

706 4037 883 4103 navis
938 4054 1005 4100 re
1046 4053 1190 4101 vera
1232 4034 1482 4102 futurus
1522 4052 1656 4102 est:
1727 4050 1796 4101 ut
1836 4053 1983 4102 vcro
2025 4036 2375 4120 gubernet,
2415 4042 2540 4104 sive

2443 4169 2546 4217 vo·
