2792 5167
973 376 1378 440 —161—

233 554 360 638 jam
402 554 719 634 diximus,
763 571 985 636 sponte
1021 552 1419 638 intelligitur.
1507 555 2121 635 Verumtamemne,

239 687 520 736 nostram
561 670 951 738 aestheticam
976 691 1117 738 cum
1154 673 1479 740 Platonica
1516 673 1592 737 de
1633 674 1857 755 pulcro
1901 687 1963 736 et
2000 691 2099 736 ar-

247 785 420 853 tibus
474 787 756 854 doctrina
781 786 1271 871 confundamus,
1315 789 1681 875 diligentius
1721 791 1841 855 hoc
1893 808 2099 874 expo·

241 904 512 971 nendum
546 904 820 974 videtur.

321 1022 422 1088 De
459 1021 691 1089 artibus
749 1039 816 1089 et
850 1043 1093 1092 summo
1130 1025 1242 1093 illo
1265 1074 1291 1109 ,
1335 1026 1510 1109 quod
1555 1024 1780 1091 imitari
1817 1022 2087 1097 artifices

236 1139 449 1221 decet,
489 1143 840 1223 praeclatus
872 1158 972 1208 est
1019 1144 1357 1210 Ciceronis·
1379 1146 1564 1208 locus
1598 1141 1711 1206 illo
1762 1142 1831 1206 in
1866 1142 2033 1207 libro
2054 1189 2083 1222 ,

235 1275 360 1338 quo
437 1252 789 1342 perfectum
856 1257 1254 1325 adumbravit
1342 1257 1631 1322 Oratoris
1714 1261 2101 1339 exemplum.-

234 1415 288 1453 „
313 1375 552 1457 ,Atque
585 1391 708 1454 ego
748 1373 820 1436 in
861 1391 1112 1438 summo
1149 1372 1415 1440 Oratore
1442 1372 1733 1454 fingendo
1780 1373 1961 1437 talem
2002 1372 2097 1437 in·-

231 1488 566 1566 formabo,
608 1488 817 1570 qualis
877 1487 1152 1554 fortasse
1217 1505 1398 1553 nemo
1461 1484 1608 1555 fuit.
1680 1490 1865 1555 -Non
1936 1489 2097 1556 enim

240 1623 517 1688 quaero,
565 1606 712 1689 quis
743 1604 942 1674 fuerit
968 1652 995 1688 ‚
1034 1606 1141 1673 sed
1198 1605 1351 1688 quid
1386 1604 1474 1670 sit
1518 1605 1718 1686 illud,
1766 1625 1898 1689 quo
1938 1606 2098 1674 nihil

139 1694 156 1719 ⁸
235 1736 374 1789 esse
397 1721 608 1806 possit
633 1721 1087 1807 praestantius:
1133 1725 1305 1807 quod
1328 1722 1396 1789 in
1431 1724 1845 1809 perpetuitate
1881 1726 2095 1793 dicen-

230 1836 292 1904 di
313 1856 444 1904 non
481 1858 704 1922 saepe,
745 1854 937 1921 atque
981 1840 1149 1904 haud
1200 1839 1337 1905 scio
1379 1858 1461 1904 an
1506 1860 1796 1922 umquam
1819 1887 1846 1923 ‚
1874 1840 1949 1906 in
1976 1843 2087 1907 ali-

234 1974 363 2038 qua
395 1971 602 2021 autem
627 1970 808 2039 parte
848 1957 1054 2021 elucet
1110 1955 1446 2038 aliquando
1468 2004 1491 2035 ‚
1534 1956 1695 2020 idem
1730 1958 1901 2040 apud
1933 1958 2088 2024 alios

229 2072 530 2154 densius,
591 2074 761 2157 apud
799 2073 957 2141 alios
1012 2072 1280 2139 fortasse
1330 2072 1557 2139 rarius,
1649 2072 1777 2139 Sed
1839 2090 1959 2155 ego
2000 2074 2093 2139 sic

228 2206 440 2258 statuo
465 2239 489 2274 ,
533 2191 694 2257 nihil
729 2210 867 2257 esse
881 2191 944 2257 in
982 2193 1115 2257 ullo
1146 2205 1527 2276 generetam
1568 2193 1857 2275 pulcrum
1885 2239 1910 2273 ‚
1957 2211 2088 2275 quo

230 2326 364 2376 non
398 2307 682 2391 pulcrius
719 2308 784 2374 id
810 2309 892 2375 sit
915 2358 939 2390 ‚
983 2310 1152 2374 unde
1203 2309 1407 2389 illud,
1447 2323 1523 2374 ut
1557 2328 1635 2374 cx
1672 2328 1789 2373 ore
1825 2308 2041 2388 aliquo
2066 2355 2093 2389 ‚

229 2427 415 2510 quasi
452 2424 659 2507 imago
689 2427 1108 2511 exprimatur,
1156 2426 1334 2509 quod
1373 2443 1579 2509 neque
1623 2425 1829 2491 oculis
1886 2442 2104 2508 neque-

227 2545 482 2611 autibus
532 2563 737 2628 neque
793 2546 924 2610 ullo
983 2563 1181 2610 sensu
1232 2544 1471 2627 percipi
1527 2558 1787 2626 potestz
1828 2543 2096 2625 'cogita-

226 2659 410 2726 tione
447 2676 692 2725 tantum
748 2677 812 2724 et
840 2676 1054 2725 mente
1098 2660 1607 2739 complectimut.'
1683 2659 1921 2738 Itaque
1950 2659 2098 2724 Phi-

230 2776 376 2844 diae
439 2774 827 2854 simulacris,
890 2774 1126 2856 quibus
1174 2772 1334 2836 nihil
1372 2774 1440 2835 in
1476 2791 1571 2867 eo·
1595 2788 1819 2852 genere
1865 2769 2105 2852 perfec-.-

232 2894 369 2960 tius
411 2890 705 2958 videmus
727 2938 749 2967 ,
802 2920 864 2934 -
910 2888 1194 2971 cogitare
1222 2902 1425 2955 tamen
1463 2904 1803 2971 possumus
1836 2887 2123 2969 pulcrio?

233 3032 325 3080 ra.
414 3012 560 3080 Nec
614 3028 768 3076 vero
825 3007 931 3073 ille
993 3004 1258 3085 artifex,
1301 3024 1443 3072 cum
1492 3003 1724 3079 faceret
1747 3003 1930 3089 Jovis
1970 3003 2107 3072 for-

233 3150 394 3198 mam
453 3146 564 3196 aut
616 3128 945 3197 Minervae
965 3173 991 3208 ‚
1070 3124 1607 3207 contemplabatur
1671 3122 1941 3208 aliquem
1961 3171 1984 3203 ‚
2067 3144 2105 3190 e

239 3268 364 3333 quo
407 3244 884 3315 similitudinem
928 3245 1229 3327 duceret3
1273 3243 1628 3327 sed-ipsius
1668 3244 1735 3309 in
1767 3260 1975 3313 mente
2008 3243 2107 3309 in·-

242 3366 478 3431 sidebat
512 3364 750 3449 speeies
784 3361 1237 3447 pulcritudinis
1277 3345 1499 3429 eximia
1524 3361 1823 3443 quaedam
1836 3370 1881 3438 ’,ψ
1919 3376 2111 3438 quam

246 3480 541 3561 mens,
603 3479 671 3545 iu
721 3499 918 3561 eaque
947 3477 1240 3559 defixus,
1284 3478 1384 3543 ad.
1417 3476 1589 3541 illius
1640 3469 2119 3545 similitudinem

242 3611 442 3664 artem
480 3612 542 3660 et
576 3614 819 3662 manum
865 3596 1194 3679 dirigebat.
1277 3593 1615 3677 thigitur
1667 3590 1733 3653 in
1770 3586 1994 3658 formis
2055 3600 2121 3653 et

241 3710 476 3799 figuris
512 3725 610 3778 est
646 3710 882 3794 aliquid
912 3711 1262 3795 perfectum
1298 3725 1360 3775 et
1409 3707 1717 3774 excellens
1741 3752 1765 3788 ,
1812 3704 1995 3789 cujus
2037 3705 2119 3771 ad

240 3830 584 3917 cogitatam
645 3824 916 3912 speciem
968 3826 1273 3897 imitando
1338 3822 1698 3903 referuntut
1759 3842 1828 3887 ea
1849 3868 1879 3903 ,
1959 3841 2120 3903 quae
2138 3864 2153 3879 —

243 3948 371 4019 snb
427 3948 657 4014 oculos
700 3946 841 4032 ipsa
894 3946 1159 4015 cadunt:
1210 3945 1306 4010 sic
1359 3940 1671 4027 perfectae
1730 3940 2122 4031 eloquentiae

1204 4060 1265 4128 L
1904 4057 1915 4061 ’
1977 4071 2122 4139 spe·
