2792 5167
1066 508 1405 572 -4,..

307 666 518 735 centia
554 668 695 749 illa‘,
756 686 938 750 quam
980 668 1120 736 dico
1145 715 1171 750 ,
1218 670 1356 736 talis
1383 717 1409 751 ‚
1452 669 1590 737 istis
1630 669 1688 736 si
1728 671 1949 754 detur,
1998 692 2145 756 qua·

309 787 432 854 iem
475 785 802 868 aliquando
847 784 1055 852 ferunt
1094 786 1290 855 fuisse
1329 787 1555 871 Gygi3
1600 789 1751 871 qui,
1800 808 1940 856 eum
1992 804 2151 858 terra

309 902 704 970 discessisset
752 903 990 986 magnis
1038 903 1407 986 quibusdam
1465 903 1804 988 imbribus,
1866 906 1932 971 in
1978 908 2148 973 ilium

312 1018 549 1086 hiatum
605 1020 964 1101 descendit,
1033 1037 1413 1101 aeneumque
1477 1039 1752 1104 equum,
1817 1038 1885 1087 ut
1945 1022 2154 1088 ferunt

312 1134 602 1220 fabulae,
656 1135 1129 1218 animadvertit,
1184 1138 1366 1222 cujus
1412 1110 1475 1202 in
1518 1136 1809 1203 lateribus
1852 1135 2020 1203 fores
2061 1158 2160 1203 es·

275 1302 282 1309 -
315 1266 494 1321 senta
539 1253 769 1337 quibus
809 1252 1085 1337 apertis,
1141 1251 1413 1320 hominis
1455 1253 1681 1318 mortui
1721 1253 1877 1318 vidit
1916 1273 2148 1338 corpus
2252 1296 2253 1299 =

315 1368 731 1454 magnitudine
789 1368 1131 1451 inusitata,
1192 1370 1611 1449 annulumque
1663 1387 1910 1435 aureum
1954 1370 2020 1435 in
2061 1373 2154 1437 di-

310 1485 485 1569 gitox
534 1502 717 1568 quern
783 1500 852 1551 ut
902 1484 1208 1566 detraxit,
1268 1485 1407 1566 ipse
1459 1483 1704 1552 induite
1764 1498 1890 1549 erat
1947 1500 2148 1550 autem

307 1599 516 1684 regius
570 1618 823 1685 pastor:
884 1616 1014 1669 tum
1073 1601 1139 1668 in
1193 1600 1524 1667 concilium
1583 1614 1900 1684 pastorum
1947 1618 2016 1667 se
2057 1620 2154 1666 re-

305 1717 500 1802 cepit.
603 1717 700 1783 lbi
740 1735 880 1782 cum
923 1719 1121 1800 palam
1162 1718 1295 1800 ejus
1335 1716 1546 1783 annuli
1587 1716 1663 1783 ad
1703 1718 1959 1799 palmam
2001 1735 2153 1782 con·

304 1846 611 1914 verterat,
652 1854 689 1900 a
724 1832 903 1899 nullo
944 1831 1316 1914 videbatur,
1382 1832 1518 1916 ipse
1562 1845 1763 1899 autem
1808 1832 2014 1899 omnia
2057 1833 2152 1899 vi·

305 1948 525 2017 debatz
577 1948 733 2016 idem
796 1967 1012 2016 rursus
1076 1947 1442 2032 videbatur,
1504 1968 1644 2013 cum
1688 1949 1750 2014 in
1794 1951 2000 2015 locum
2041 1970 2148 2016 an·

304 2063 525 2130 nulum
572 2064 922 2129 inverterat.
1010 2062 1225 2145 Itaque
1270 2063 1384 2129 hae
1429 2063 1898 2145 opportunitate
1937 2065 2146 2130 annuli

307 2197 512 2254 usus,
553 2177 794 2260 reginae
835 2190 1115 2261 stuprum
1159 2179 1372 2245 intulit
1397 2226 1422 2260 ‚
1482 2198 1674 2261 eaque
1712 2181 2010 2266 adJutrice
2049 2200 2147 2247 re·

305 2313 447 2379 gem
488 2292 804 2360 dominum
850 2293 1194 2376 interemit,
1236 2294 1668 2377 sustulitque,
1707 2315 1870 2378 quos
1900 2295 2147 2363 obstare

305 2410 756 2478 arbitrabatur:
809 2428 926 2477 nee
968 2411 1032 2477 in
1076 2412 1173 2477 his
1215 2410 1356 2477 'eum
1399 2414 1724 2493 quisquam
1769 2410 2145 2479 facinoribus

303 2527 520 2612 potuit
556 2508 804 2595 videre:
869 2527 959 2593 sic
1003 2541 1256 2621 repente
1294 2528 1507 2594 annuli
1548 2526 1850 2595 beneficio
1894 2546 1997 2593 rex
2040 2548 2144 2595 ex·

293 2656 480 2710 ortus
539 2656 634 2711 est
693 2626 956 2729 Lydiae}
996 2721 1005 2729 ⁹
1047 2643 1115 2711 Si
1171 2642 1361 2728 igitur
1420 2646 1548 2711 duo
1608 2646 1758 2710 tales
1798 2645 2008 2710 annuli
2053 2665 2149 2711 es·

294 2773 440 2827 sent
467 2806 493 2842 ,
552 2760 942 2842 alterumque
993 2760 1247 2842 iustus,
1307 2759 1583 2844 injustus
1639 2761 1897 2826 alterum
1939 2762 2148 2842 possi-

300 2876 473 2942 deret
514 2895 585 2942 ac
624 2874 858 2960 ferret,
891 2876 1101 2942 nullus
1143 2873 1431 2959 profecto
1472 2892 1642 2943 esset
1666 2923 1689 2957 ,
1735 2889 1806 2942 ut
1847 2877 2139 2958 videtur,

295 2994 450 3060 adeo
502 2993 970 3073 adamantinus,
1051 2992 1159 3075 qui
1203 2991 1268 3058 in
1311 2992 1445 3077 ipsa
1481 2992 1726 3078 justitia
1762 3010 2141 3077 permaneret

297 3124 361 3176 et
401 3111 481 3178 ab
522 3110 738 3176 alienis
776 3109 1086 3176 abstinere
1128 3111 1311 3176 vellet
1335 3157 1359 3192 ,
1414 3128 1557 3176 cum
1618 3111 1830 3176 liceret
1881 3110 2001 3194 ipsi
2064 3131 2141 3179 ex

297 3222 443 3291 foro
483 3224 830 3310 intrepide,
892 3228 1333 3309 quodcumque
1384 3228 1567 3292 vellet
1594 3271 1616 3305 ,
1669 3227 1935 3311 arripere
1959 3274 1983 3307 ,
2045 3228 2141 3294 in-

301 3341 598 3426 gredique
634 3343 860 3408 alienas
902 3343 1169 3425 domos,
1231 3360 1296 3409 et
1334 3344 1681 3410 clanculum
1725 3361 1840 3426 pro
1882 3343 2136 3410 libidine

299 3476 445 3525 curn
502 3476 753 3541 quoque
801 3458 1134 3541 congredi,
1194 3474 1257 3524 et
1309 3478 1425 3541 pro
1481 3457 1736 3527 arbitrio
1799 3459 2138 3541 quemlibet

295 3571 641 3641 interficere
664 3621 689 3658 ,
729 3588 791 3639 et
815 3591 894 3640 ex
926 3592 1166 3640 carcere
1196 3576 1483 3655 solvere,
1525 3588 1590 3639 et
1629 3574 1746 3639 alia
1768 3619 1792 3653 ‚
1812 3574 1986 3656 quasi
2026 3594 2138 3657 par

294 3693 438 3758 Deo
479 3708 642 3756 esset
662 3737 687 3772 ‚
731 3688 891 3757 inter
921 3689 1203 3759 homines
1244 3708 1359 3774 pro
1390 3688 1646 3756 arbitrio
1676 3687 1914 3755 facere:
1984 3691 2131 3771 haee

287 3807 482 3891 igitur
520 3825 662 3874 cum
706 3822 968 3891 uterque
1006 3804 1282 3889 faceret,
1325 3822 1712 3890 nequaqnam
1754 3808 1907 3872 alter
1933 3806 2010 3873 ab
2045 3809 2134 3872 al-

290 3937 458 3995 tero,
488 3924 554 3990 in
613 3924 851 4009 agendo
913 3922 1185 3991 differret
1206 3967 1230 4002 ,
1287 3923 1397 3988 sed
1450 3922 1631 3989 ambo
1673 3924 1885 3988 eodem
1926 3924 2134 3988 tende·

292 4053 453 4121 rent.
537 4039 715 4126 Quae
764 4041 1007 4124 quidem
1051 4038 1310 4109 maxima
1349 4040 1516 4123 apud
1557 4055 1769 4113 omnes
1813 4056 1948 4117 esse
1987 4053 2131 4121 pot-

747 4172 756 4179 ·
2035 4169 2127 4218 est
