<?xml version="1.0" encoding="UTF-8"?>
<!DOCTYPE html PUBLIC "-//W3C//DTD XHTML 1.0 Transitional//EN"
    "http://www.w3.org/TR/xhtml1/DTD/xhtml1-transitional.dtd">
<html xmlns="http://www.w3.org/1999/xhtml" xml:lang="en" lang="en">
 <head>
  <title>
</title>
<meta http-equiv="Content-Type" content="text/html;charset=utf-8" />
  <meta name='ocr-system' content='tesseract 3.04.00' />
  <meta name='ocr-capabilities' content='ocr_page ocr_carea ocr_par ocr_line ocrx_word'/>
</head>
<body>
  <div class='ocr_page' id='page_1' title='image "./initiaphilosoph05heusgoog_0447.png"; bbox 0 0 2792 5167; ppageno 0'>
   <div class='ocr_carea' id='block_1_1' title="bbox 1468 392 1811 474">
    <p class='ocr_par' dir='ltr' id='par_1_1' title="bbox 1468 392 1811 474">
     <span class='ocr_line' id='line_1_1' title="bbox 1468 392 1811 474; baseline -0.003 -31"><span class='ocrx_word' id='word_1_1' title='bbox 1468 392 1811 474; x_wconf 69' lang='lat'>...48-</span> 
     </span>
    </p>
   </div>
   <div class='ocr_carea' id='block_1_2' title="bbox 705 570 2581 2055">
    <p class='ocr_par' dir='ltr' id='par_1_2' title="bbox 705 570 2581 2055">
     <span class='ocr_line' id='line_1_2' title="bbox 718 570 2569 666; baseline 0.002 -22"><span class='ocrx_word' id='word_1_2' title='bbox 718 574 1053 656; x_wconf 74' lang='lat' dir='ltr'><strong>cilinrunt,</strong></span> <span class='ocrx_word' id='word_1_3' title='bbox 1094 591 1219 660; x_wconf 75' lang='lat' dir='ltr'><strong>qua</strong></span> <span class='ocrx_word' id='word_1_4' title='bbox 1266 585 1530 654; x_wconf 60' lang='lat' dir='ltr'><strong>omna,</strong></span> <span class='ocrx_word' id='word_1_5' title='bbox 1572 570 1697 655; x_wconf 79' lang='lat' dir='ltr'><strong>ipsi</strong></span> <span class='ocrx_word' id='word_1_6' title='bbox 1754 571 2017 640; x_wconf 74' lang='lat' dir='ltr'><strong>maxime</strong></span> <span class='ocrx_word' id='word_1_7' title='bbox 2056 574 2304 661; x_wconf 78' lang='lat' dir='ltr'>physici</span> <span class='ocrx_word' id='word_1_8' title='bbox 2345 594 2569 666; x_wconf 80' lang='lat' dir='ltr'><strong>negant</strong></span> 
     </span>
     <span class='ocr_line' id='line_1_3' title="bbox 713 687 2571 778; baseline 0.003 -22"><span class='ocrx_word' id='word_1_9' title='bbox 713 693 1008 778; x_wconf 66' lang='lat' dir='ltr'><strong>majorem</strong></span> <span class='ocrx_word' id='word_1_10' title='bbox 1063 709 1208 758; x_wconf 81' lang='lat' dir='ltr'><strong>esse</strong></span> <span class='ocrx_word' id='word_1_11' title='bbox 1259 690 1473 760; x_wconf 76' lang='lat' dir='ltr'><strong>ullam.</strong></span> <span class='ocrx_word' id='word_1_12' title='bbox 1597 687 1780 777; x_wconf 78' lang='lat' dir='ltr'><strong>Quae</strong></span> <span class='ocrx_word' id='word_1_13' title='bbox 1844 707 1995 757; x_wconf 79' lang='lat' dir='ltr'><strong>sane</strong></span> <span class='ocrx_word' id='word_1_14' title='bbox 2049 711 2350 778; x_wconf 86' lang='lat' dir='ltr'><strong>perquam</strong></span> <span class='ocrx_word' id='word_1_15' title='bbox 2418 712 2571 764; x_wconf 80' lang='lat' dir='ltr'><strong>sunt</strong></span> 
     </span>
     <span class='ocr_line' id='line_1_4' title="bbox 709 804 2570 892; baseline 0.003 -16"><span class='ocrx_word' id='word_1_16' title='bbox 709 806 900 876; x_wconf 84' lang='lat' dir='ltr'><strong>nobis</strong></span> <span class='ocrx_word' id='word_1_17' title='bbox 956 806 1025 873; x_wconf 91' lang='lat' dir='ltr'><strong>in</strong></span> <span class='ocrx_word' id='word_1_18' title='bbox 1080 804 1184 874; x_wconf 88' lang='lat' dir='ltr'><strong>his</strong></span> <span class='ocrx_word' id='word_1_19' title='bbox 1206 851 1233 888; x_wconf 94' lang='lat'><strong>,</strong></span> <span class='ocrx_word' id='word_1_20' title='bbox 1310 822 1473 888; x_wconf 86' lang='lat' dir='ltr'><strong>quae</strong></span> <span class='ocrx_word' id='word_1_21' title='bbox 1515 817 1853 875; x_wconf 72' lang='lat' dir='ltr'><strong>tractamus</strong></span> <span class='ocrx_word' id='word_1_22' title='bbox 1880 854 1906 889; x_wconf 90' lang='lat'>‚</span> <span class='ocrx_word' id='word_1_23' title='bbox 1992 811 2283 878; x_wconf 73' lang='lat' dir='ltr'><strong>tenenda.</strong></span> <span class='ocrx_word' id='word_1_24' title='bbox 2405 814 2570 892; x_wconf 77' lang='lat' dir='ltr'><strong>Nam</strong></span> 
     </span>
     <span class='ocr_line' id='line_1_5' title="bbox 714 919 2576 1011; baseline 0.003 -19"><span class='ocrx_word' id='word_1_25' title='bbox 714 939 1024 1011; x_wconf 79' lang='lat' dir='ltr'><strong>quantum</strong></span> <span class='ocrx_word' id='word_1_26' title='bbox 1075 919 1434 994; x_wconf 55' lang='lat' dir='ltr'><strong>tondendo</strong></span> <span class='ocrx_word' id='word_1_27' title='bbox 1495 919 1778 988; x_wconf 81' lang='lat' dir='ltr'><strong>Graecos</strong></span> <span class='ocrx_word' id='word_1_28' title='bbox 1851 922 2201 994; x_wconf 77' lang='lat' dir='ltr'><strong>Orientales</strong></span> <span class='ocrx_word' id='word_1_29' title='bbox 2218 973 2244 1009; x_wconf 92' lang='lat'><strong>,</strong></span> <span class='ocrx_word' id='word_1_30' title='bbox 2333 942 2576 998; x_wconf 86' lang='lat' dir='ltr'><strong>tantum</strong></span> 
     </span>
     <span class='ocr_line' id='line_1_6' title="bbox 713 1036 2576 1131; baseline 0.004 -24"><span class='ocrx_word' id='word_1_31' title='bbox 713 1040 945 1124; x_wconf 80' lang='lat' dir='ltr'><strong>Graeci</strong></span> <span class='ocrx_word' id='word_1_32' title='bbox 1011 1051 1383 1125; x_wconf 83' lang='lat' dir='ltr'>superarunt</span> <span class='ocrx_word' id='word_1_33' title='bbox 1449 1036 1803 1106; x_wconf 87' lang='lat' dir='ltr'><strong>Orientales</strong></span> <span class='ocrx_word' id='word_1_34' title='bbox 1887 1059 2230 1126; x_wconf 79' lang='lat' dir='ltr'><strong>omnesque</strong></span> <span class='ocrx_word' id='word_1_35' title='bbox 2286 1049 2576 1131; x_wconf 84' lang='lat' dir='ltr'><strong>populos</strong></span> 
     </span>
     <span class='ocr_line' id='line_1_7' title="bbox 710 1155 2573 1247; baseline 0.003 -22"><span class='ocrx_word' id='word_1_36' title='bbox 710 1176 856 1226; x_wconf 90' lang='lat' dir='ltr'><strong>cum</strong></span> <span class='ocrx_word' id='word_1_37' title='bbox 901 1155 1414 1247; x_wconf 75' lang='lat' dir='ltr'><em>philosophando,</em></span> <span class='ocrx_word' id='word_1_38' title='bbox 1455 1169 1592 1221; x_wconf 91' lang='lat' dir='ltr'><strong>tum</strong></span> <span class='ocrx_word' id='word_1_39' title='bbox 1651 1156 1996 1226; x_wconf 63' lang='lat' dir='ltr'><strong>adhibendi</strong></span> <span class='ocrx_word' id='word_1_40' title='bbox 2038 1159 2449 1247; x_wconf 67' lang='lat' dir='ltr'><strong>philosophia</strong></span> <span class='ocrx_word' id='word_1_41' title='bbox 2492 1164 2573 1230; x_wconf 83' lang='lat' dir='ltr'><strong>ad</strong></span> 
     </span>
     <span class='ocr_line' id='line_1_8' title="bbox 709 1272 2568 1362; baseline 0.003 -21"><span class='ocrx_word' id='word_1_42' title='bbox 709 1274 982 1342; x_wconf 82' lang='lat' dir='ltr'><strong>acuenda</strong></span> <span class='ocrx_word' id='word_1_43' title='bbox 1076 1273 1546 1356; x_wconf 80' lang='lat' dir='ltr'><strong>excolendaque</strong></span> <span class='ocrx_word' id='word_1_44' title='bbox 1628 1272 1943 1342; x_wconf 88' lang='lat' dir='ltr'><strong>hominum</strong></span> <span class='ocrx_word' id='word_1_45' title='bbox 2020 1272 2293 1362; x_wconf 82' lang='lat' dir='ltr'><strong>ingenia.</strong></span> <span class='ocrx_word' id='word_1_46' title='bbox 2417 1278 2568 1346; x_wconf 89' lang='lat' dir='ltr'><strong>Nos</strong></span> 
     </span>
     <span class='ocr_line' id='line_1_9' title="bbox 708 1385 2572 1474; baseline 0.001 -17"><span class='ocrx_word' id='word_1_47' title='bbox 708 1403 918 1458; x_wconf 68' lang='lat' dir='ltr'><strong>tutem</strong></span> <span class='ocrx_word' id='word_1_48' title='bbox 975 1385 1063 1454; x_wconf 86' lang='lat' dir='ltr'><strong>ita</strong></span> <span class='ocrx_word' id='word_1_49' title='bbox 1121 1386 1428 1455; x_wconf 80' lang='lat' dir='ltr'><strong>maximos</strong></span> <span class='ocrx_word' id='word_1_50' title='bbox 1482 1385 1749 1454; x_wconf 80' lang='lat' dir='ltr'><strong>fecimus</strong></span> <span class='ocrx_word' id='word_1_51' title='bbox 1802 1386 1871 1468; x_wconf 84' lang='lat' dir='ltr'><strong>in</strong></span> <span class='ocrx_word' id='word_1_52' title='bbox 1917 1387 2295 1474; x_wconf 80' lang='lat' dir='ltr'><strong>gravissimis</strong></span> <span class='ocrx_word' id='word_1_53' title='bbox 2330 1391 2572 1459; x_wconf 88' lang='lat' dir='ltr'><strong>doctri-</strong></span> 
     </span>
     <span class='ocr_line' id='line_1_10' title="bbox 709 1503 2579 1592; baseline 0.001 -18"><span class='ocrx_word' id='word_1_54' title='bbox 709 1506 812 1574; x_wconf 87' lang='lat' dir='ltr'><strong>nis</strong></span> <span class='ocrx_word' id='word_1_55' title='bbox 867 1523 1252 1592; x_wconf 80' lang='lat' dir='ltr'><strong>progressus</strong></span> <span class='ocrx_word' id='word_1_56' title='bbox 1276 1549 1305 1586; x_wconf 88' lang='lat'><strong>,</strong></span> <span class='ocrx_word' id='word_1_57' title='bbox 1385 1518 1462 1571; x_wconf 91' lang='lat' dir='ltr'><strong>ut</strong></span> <span class='ocrx_word' id='word_1_58' title='bbox 1511 1503 1822 1590; x_wconf 77' lang='lat' dir='ltr'><strong>proficere</strong></span> <span class='ocrx_word' id='word_1_59' title='bbox 1877 1521 1959 1572; x_wconf 78' lang='lat' dir='ltr'><strong>ex</strong></span> <span class='ocrx_word' id='word_1_60' title='bbox 2013 1517 2428 1590; x_wconf 82' lang='lat' dir='ltr'><strong>utrorumque</strong></span> <span class='ocrx_word' id='word_1_61' title='bbox 2472 1507 2579 1575; x_wconf 87' lang='lat' dir='ltr'><strong>in·</strong></span> 
     </span>
     <span class='ocr_line' id='line_1_11' title="bbox 709 1617 2581 1706; baseline -0.002 -13"><span class='ocrx_word' id='word_1_62' title='bbox 709 1624 922 1693; x_wconf 82' lang='lat' dir='ltr'><strong>ventis</strong></span> <span class='ocrx_word' id='word_1_63' title='bbox 970 1621 1328 1706; x_wconf 83' lang='lat' dir='ltr'><strong>studiisque</strong></span> <span class='ocrx_word' id='word_1_64' title='bbox 1364 1620 1449 1686; x_wconf 86' lang='lat' dir='ltr'><strong>ad</strong></span> <span class='ocrx_word' id='word_1_65' title='bbox 1484 1637 1693 1686; x_wconf 85' lang='lat' dir='ltr'><strong>veram</strong></span> <span class='ocrx_word' id='word_1_66' title='bbox 1733 1618 1901 1686; x_wconf 79' lang='lat' dir='ltr'><strong>vitae</strong></span> <span class='ocrx_word' id='word_1_67' title='bbox 1956 1618 2290 1687; x_wconf 81' lang='lat' dir='ltr'><strong>utilitatem</strong></span> <span class='ocrx_word' id='word_1_68' title='bbox 2328 1617 2581 1689; x_wconf 88' lang='lat' dir='ltr'><strong>studio·</strong></span> 
     </span>
     <span class='ocr_line' id='line_1_12' title="bbox 710 1734 2575 1822; baseline -0.002 -13"><span class='ocrx_word' id='word_1_69' title='bbox 710 1741 960 1809; x_wconf 75' lang='lat' dir='ltr'><strong>sissimo</strong></span> <span class='ocrx_word' id='word_1_70' title='bbox 1019 1737 1492 1806; x_wconf 76' lang='lat' dir='ltr'><strong>tentaverimus.</strong></span> <span class='ocrx_word' id='word_1_71' title='bbox 1576 1735 1669 1803; x_wconf 90' lang='lat' dir='ltr'><strong>Et</strong></span> <span class='ocrx_word' id='word_1_72' title='bbox 1722 1735 1818 1804; x_wconf 90' lang='lat' dir='ltr'><strong>sic</strong></span> <span class='ocrx_word' id='word_1_73' title='bbox 1869 1734 2121 1819; x_wconf 88' lang='lat' dir='ltr'><strong>quidem</strong></span> <span class='ocrx_word' id='word_1_74' title='bbox 2171 1737 2575 1822; x_wconf 73' lang='lat' dir='ltr'><strong>procedimus</strong></span> 
     </span>
     <span class='ocr_line' id='line_1_13' title="bbox 705 1850 2571 1938; baseline -0.002 -13"><span class='ocrx_word' id='word_1_75' title='bbox 705 1876 785 1926; x_wconf 77' lang='lat' dir='ltr'><strong>eo</strong></span> <span class='ocrx_word' id='word_1_76' title='bbox 805 1903 833 1938; x_wconf 91' lang='lat'><strong>,</strong></span> <span class='ocrx_word' id='word_1_77' title='bbox 917 1870 990 1921; x_wconf 91' lang='lat' dir='ltr'><strong>ut</strong></span> <span class='ocrx_word' id='word_1_78' title='bbox 1061 1854 1285 1921; x_wconf 89' lang='lat' dir='ltr'><strong>dictam</strong></span> <span class='ocrx_word' id='word_1_79' title='bbox 1349 1850 1734 1937; x_wconf 79' lang='lat' dir='ltr'><strong>explicemus</strong></span> <span class='ocrx_word' id='word_1_80' title='bbox 1806 1851 2091 1920; x_wconf 79' lang='lat' dir='ltr'><strong>Platonis</strong></span> <span class='ocrx_word' id='word_1_81' title='bbox 2148 1851 2517 1922; x_wconf 87' lang='lat' dir='ltr'><strong>sententiam</strong></span> <span class='ocrx_word' id='word_1_82' title='bbox 2543 1902 2571 1938; x_wconf 92' lang='lat'><strong>,</strong></span> 
     </span>
     <span class='ocr_line' id='line_1_14' title="bbox 706 1966 2572 2055; baseline -0.001 -15"><span class='ocrx_word' id='word_1_83' title='bbox 706 1991 852 2041; x_wconf 77' lang='lat' dir='ltr'><strong>esse</strong></span> <span class='ocrx_word' id='word_1_84' title='bbox 898 1989 1300 2039; x_wconf 86' lang='lat' dir='ltr'><strong>numerorum</strong></span> <span class='ocrx_word' id='word_1_85' title='bbox 1351 1970 1612 2055; x_wconf 67' lang='grc' dir='ltr'><strong>μάθημα</strong></span> <span class='ocrx_word' id='word_1_86' title='bbox 1669 1966 1738 2033; x_wconf 91' lang='lat' dir='ltr'><strong>in</strong></span> <span class='ocrx_word' id='word_1_87' title='bbox 1803 1967 1883 2033; x_wconf 90' lang='lat' dir='ltr'><strong>iis</strong></span> <span class='ocrx_word' id='word_1_88' title='bbox 1952 1969 2335 2037; x_wconf 85' lang='lat' dir='ltr'><strong>censendum</strong></span> <span class='ocrx_word' id='word_1_89' title='bbox 2383 1970 2572 2038; x_wconf 87' lang='lat' dir='ltr'><strong>disci·</strong></span> 
     </span>
    </p>
   </div>
   <div class='ocr_carea' id='block_1_3' title="bbox 707 2084 2699 2177">
    <p class='ocr_par' dir='ltr' id='par_1_3' title="bbox 707 2084 2699 2177">
     <span class='ocr_line' id='line_1_15' title="bbox 707 2084 2699 2177; baseline -0.004 -19"><span class='ocrx_word' id='word_1_90' title='bbox 707 2089 946 2177; x_wconf 73' lang='lat' dir='ltr'><strong>plinis,</strong></span> <span class='ocrx_word' id='word_1_91' title='bbox 1009 2106 1172 2169; x_wconf 85' lang='lat' dir='ltr'><strong>quae</strong></span> <span class='ocrx_word' id='word_1_92' title='bbox 1210 2087 1290 2154; x_wconf 87' lang='lat' dir='ltr'><strong>ad</strong></span> <span class='ocrx_word' id='word_1_93' title='bbox 1342 2089 1532 2166; x_wconf 68' lang='lat' dir='ltr'><strong>nonem</strong></span> <span class='ocrx_word' id='word_1_94' title='bbox 1585 2084 1901 2152; x_wconf 86' lang='lat' dir='ltr'><strong>adducunt</strong></span> <span class='ocrx_word' id='word_1_95' title='bbox 1945 2099 2223 2154; x_wconf 90' lang='lat' dir='ltr'><strong>mentem</strong></span> <span class='ocrx_word' id='word_1_96' title='bbox 2249 2134 2275 2170; x_wconf 93' lang='lat'><strong>,</strong></span> <span class='ocrx_word' id='word_1_97' title='bbox 2329 2087 2572 2175; x_wconf 88' lang='lat' dir='ltr'><strong>quippe</strong></span> <span class='ocrx_word' id='word_1_98' title='bbox 2690 2141 2699 2150; x_wconf 90' lang='lat'><strong>.</strong></span> 
     </span>
    </p>
   </div>
   <div class='ocr_carea' id='block_1_4' title="bbox 701 2199 2589 4141">
    <p class='ocr_par' dir='ltr' id='par_1_4' title="bbox 704 2199 2569 2407">
     <span class='ocr_line' id='line_1_16' title="bbox 706 2199 2569 2308; baseline 0.001 -34"><span class='ocrx_word' id='word_1_99' title='bbox 706 2210 980 2308; x_wconf 57' lang='lat' dir='ltr'><strong>manag</strong></span> <span class='ocrx_word' id='word_1_100' title='bbox 1010 2208 1152 2290; x_wconf 73' lang='grc' dir='ltr'><strong>πρὸς</strong></span> <span class='ocrx_word' id='word_1_101' title='bbox 1194 2203 1422 2274; x_wconf 72' lang='grc' dir='ltr'><strong><em>οὐσίαν.</em></strong></span> <span class='ocrx_word' id='word_1_102' title='bbox 1513 2200 1640 2268; x_wconf 80' lang='lat' dir='ltr'><strong>Sed</strong></span> <span class='ocrx_word' id='word_1_103' title='bbox 1676 2199 1874 2287; x_wconf 86' lang='lat' dir='ltr'><strong>ipsam</strong></span> <span class='ocrx_word' id='word_1_104' title='bbox 1928 2203 2319 2271; x_wconf 81' lang='lat' dir='ltr'><strong>attendamus</strong></span> <span class='ocrx_word' id='word_1_105' title='bbox 2374 2199 2569 2293; x_wconf 85' lang='lat' dir='ltr'><strong>hujus</strong></span> 
     </span>
     <span class='ocr_line' id='line_1_17' title="bbox 704 2320 1426 2407; baseline -0.007 -18"><span class='ocrx_word' id='word_1_106' title='bbox 704 2320 1077 2407; x_wconf 83' lang='lat' dir='ltr'><strong>disciplinae</strong></span> <span class='ocrx_word' id='word_1_107' title='bbox 1122 2331 1426 2384; x_wconf 85' lang='lat' dir='ltr'><strong>naturam.</strong></span> 
     </span>
    </p>

    <p class='ocr_par' dir='ltr' id='par_1_5' title="bbox 701 2413 2589 4038">
     <span class='ocr_line' id='line_1_18' title="bbox 793 2413 2568 2521; baseline 0.002 -16"><span class='ocrx_word' id='word_1_108' title='bbox 793 2439 867 2505; x_wconf 85' lang='lat' dir='ltr'><strong>In</strong></span> <span class='ocrx_word' id='word_1_109' title='bbox 926 2436 1096 2504; x_wconf 90' lang='lat' dir='ltr'><strong>omni</strong></span> <span class='ocrx_word' id='word_1_110' title='bbox 1148 2435 1509 2501; x_wconf 89' lang='lat' dir='ltr'><strong>studiorum</strong></span> <span class='ocrx_word' id='word_1_111' title='bbox 1574 2413 1848 2521; x_wconf 81' lang='lat' dir='ltr'><strong>genere,</strong></span> <span class='ocrx_word' id='word_1_112' title='bbox 1927 2436 1983 2503; x_wconf 91' lang='lat' dir='ltr'><strong>si</strong></span> <span class='ocrx_word' id='word_1_113' title='bbox 2034 2457 2072 2505; x_wconf 86' lang='lat' dir='ltr'><strong>a</strong></span> <span class='ocrx_word' id='word_1_114' title='bbox 2120 2440 2568 2508; x_wconf 77' lang='lat' dir='ltr'><strong>mathematicis</strong></span> 
     </span>
     <span class='ocr_line' id='line_1_19' title="bbox 701 2551 2577 2644; baseline 0.001 -19"><span class='ocrx_word' id='word_1_115' title='bbox 701 2555 1107 2636; x_wconf 67' lang='lat' dir='ltr'><strong>discesseris,</strong></span> <span class='ocrx_word' id='word_1_116' title='bbox 1167 2551 1326 2638; x_wconf 91' lang='lat' dir='ltr'><strong>quid</strong></span> <span class='ocrx_word' id='word_1_117' title='bbox 1376 2571 1598 2620; x_wconf 86' lang='lat' dir='ltr'><strong>vetum</strong></span> <span class='ocrx_word' id='word_1_118' title='bbox 1647 2553 1734 2620; x_wconf 90' lang='lat' dir='ltr'><strong>sit</strong></span> <span class='ocrx_word' id='word_1_119' title='bbox 1759 2600 1785 2635; x_wconf 91' lang='lat'><strong>,</strong></span> <span class='ocrx_word' id='word_1_120' title='bbox 1846 2555 2217 2641; x_wconf 86' lang='lat' dir='ltr'><strong>conjicimus</strong></span> <span class='ocrx_word' id='word_1_121' title='bbox 2241 2604 2268 2640; x_wconf 89' lang='lat'><strong>,</strong></span> <span class='ocrx_word' id='word_1_122' title='bbox 2304 2576 2577 2644; x_wconf 84' lang='lat' dir='ltr'><strong>augura-</strong></span> 
     </span>
     <span class='ocr_line' id='line_1_20' title="bbox 710 2672 2565 2757; baseline -0.001 -15"><span class='ocrx_word' id='word_1_123' title='bbox 710 2695 890 2756; x_wconf 86' lang='lat' dir='ltr'><strong>mur,</strong></span> <span class='ocrx_word' id='word_1_124' title='bbox 931 2672 1182 2757; x_wconf 83' lang='lat' dir='ltr'><strong>assequi</strong></span> <span class='ocrx_word' id='word_1_125' title='bbox 1224 2672 1598 2751; x_wconf 84' lang='lat' dir='ltr'><strong>studemus3</strong></span> <span class='ocrx_word' id='word_1_126' title='bbox 1643 2684 1968 2738; x_wconf 86' lang='lat' dir='ltr'><strong>assecutos</strong></span> <span class='ocrx_word' id='word_1_127' title='bbox 2018 2690 2174 2754; x_wconf 16' lang='lat' dir='ltr'><strong>*vero</strong></span> <span class='ocrx_word' id='word_1_128' title='bbox 2214 2693 2334 2741; x_wconf 89' lang='lat' dir='ltr'><strong>nos</strong></span> <span class='ocrx_word' id='word_1_129' title='bbox 2376 2693 2565 2757; x_wconf 86' lang='lat' dir='ltr'><strong>esse,</strong></span> 
     </span>
     <span class='ocr_line' id='line_1_21' title="bbox 710 2777 2573 2870; baseline -0.001 -8"><span class='ocrx_word' id='word_1_130' title='bbox 710 2810 846 2862; x_wconf 86' lang='lat' dir='ltr'><strong>non</strong></span> <span class='ocrx_word' id='word_1_131' title='bbox 897 2789 1081 2858; x_wconf 86' lang='lat' dir='ltr'><strong>facile</strong></span> <span class='ocrx_word' id='word_1_132' title='bbox 1127 2786 1632 2855; x_wconf 86' lang='lat' dir='ltr'><strong>contenderimus</strong></span> <span class='ocrx_word' id='word_1_133' title='bbox 1654 2805 1677 2852; x_wconf 71' lang='lat'><em>2</em></span> <span class='ocrx_word' id='word_1_134' title='bbox 1721 2805 1992 2870; x_wconf 86' lang='lat' dir='ltr'><strong>eumque</strong></span> <span class='ocrx_word' id='word_1_135' title='bbox 2020 2777 2275 2856; x_wconf 69' lang='lat' dir='ltr'><strong>laudare</strong></span> <span class='ocrx_word' id='word_1_136' title='bbox 2302 2790 2573 2860; x_wconf 78' lang='lat' dir='ltr'><strong>maxime</strong></span> 
     </span>
     <span class='ocr_line' id='line_1_22' title="bbox 708 2903 2577 2991; baseline 0.002 -18"><span class='ocrx_word' id='word_1_137' title='bbox 708 2910 1028 2987; x_wconf 85' lang='lat' dir='ltr'><strong>solemus,</strong></span> <span class='ocrx_word' id='word_1_138' title='bbox 1117 2904 1230 2988; x_wconf 90' lang='lat' dir='ltr'><strong>qui</strong></span> <span class='ocrx_word' id='word_1_139' title='bbox 1295 2903 1609 2969; x_wconf 88' lang='lat' dir='ltr'><strong>minimam</strong></span> <span class='ocrx_word' id='word_1_140' title='bbox 1678 2903 1903 2972; x_wconf 87' lang='lat' dir='ltr'><strong>tribuit</strong></span> <span class='ocrx_word' id='word_1_141' title='bbox 1986 2907 2365 2991; x_wconf 86' lang='lat' dir='ltr'><strong>conjecturis</strong></span> <span class='ocrx_word' id='word_1_142' title='bbox 2437 2910 2577 2978; x_wconf 84' lang='lat' dir='ltr'><strong>suis</strong></span> 
     </span>
     <span class='ocr_line' id='line_1_23' title="bbox 707 3018 2569 3107; baseline 0.001 -15"><span class='ocrx_word' id='word_1_143' title='bbox 707 3019 1170 3092; x_wconf 83' lang='lat' dir='ltr'><strong>auctoritatem.</strong></span> <span class='ocrx_word' id='word_1_144' title='bbox 1295 3019 1372 3085; x_wconf 88' lang='lat' dir='ltr'><strong>In</strong></span> <span class='ocrx_word' id='word_1_145' title='bbox 1445 3018 1832 3086; x_wconf 78' lang='lat' dir='ltr'><strong>arithmetica</strong></span> <span class='ocrx_word' id='word_1_146' title='bbox 1899 3039 2048 3086; x_wconf 88' lang='lat' dir='ltr'><strong>vero</strong></span> <span class='ocrx_word' id='word_1_147' title='bbox 2102 3037 2166 3086; x_wconf 86' lang='lat' dir='ltr'><strong>et</strong></span> <span class='ocrx_word' id='word_1_148' title='bbox 2224 3026 2569 3107; x_wconf 75' lang='lat' dir='ltr'><strong>geometria</strong></span> 
     </span>
     <span class='ocr_line' id='line_1_24' title="bbox 709 3109 2589 3223; baseline -0.002 -15"><span class='ocrx_word' id='word_1_149' title='bbox 709 3160 856 3209; x_wconf 80' lang='lat' dir='ltr'><strong>vera</strong></span> <span class='ocrx_word' id='word_1_150' title='bbox 910 3154 1063 3204; x_wconf 86' lang='lat' dir='ltr'><strong>sunt</strong></span> <span class='ocrx_word' id='word_1_151' title='bbox 1108 3136 1358 3220; x_wconf 87' lang='lat' dir='ltr'><strong>omnia,</strong></span> <span class='ocrx_word' id='word_1_152' title='bbox 1383 3109 1635 3204; x_wconf 71' lang='lat' dir='ltr'><strong>&#39;nullus</strong></span> <span class='ocrx_word' id='word_1_153' title='bbox 1680 3134 2052 3219; x_wconf 88' lang='lat' dir='ltr'><strong>relinquitur</strong></span> <span class='ocrx_word' id='word_1_154' title='bbox 2091 3138 2589 3223; x_wconf 82' lang='lat' dir='ltr'><strong>probabilitati,-</strong></span> 
     </span>
     <span class='ocr_line' id='line_1_25' title="bbox 706 3252 2573 3344; baseline -0.001 -18"><span class='ocrx_word' id='word_1_155' title='bbox 706 3273 783 3327; x_wconf 91' lang='lat' dir='ltr'><strong>ut</strong></span> <span class='ocrx_word' id='word_1_156' title='bbox 835 3259 901 3324; x_wconf 92' lang='lat' dir='ltr'><strong>in</strong></span> <span class='ocrx_word' id='word_1_157' title='bbox 961 3256 1150 3323; x_wconf 89' lang='lat' dir='ltr'><strong>rebus</strong></span> <span class='ocrx_word' id='word_1_158' title='bbox 1211 3255 1464 3324; x_wconf 74' lang='lat' dir='ltr'><strong>incertis</strong></span> <span class='ocrx_word' id='word_1_159' title='bbox 1487 3303 1513 3338; x_wconf 88' lang='lat'>‚</span> <span class='ocrx_word' id='word_1_160' title='bbox 1555 3257 1775 3319; x_wconf 80' lang='lat' dir='ltr'><strong>locus:</strong></span> <span class='ocrx_word' id='word_1_161' title='bbox 1818 3252 2020 3344; x_wconf 31' lang='lat' dir='ltr'><strong>isque„</strong></span> <span class='ocrx_word' id='word_1_162' title='bbox 2053 3254 2313 3323; x_wconf 83' lang='lat' dir='ltr'><strong>maxime</strong></span> <span class='ocrx_word' id='word_1_163' title='bbox 2352 3260 2573 3325; x_wconf 79' lang='lat' dir='ltr'><strong>exclu-</strong></span> 
     </span>
     <span class='ocr_line' id='line_1_26' title="bbox 712 3370 2571 3463; baseline -0.002 -17"><span class='ocrx_word' id='word_1_164' title='bbox 712 3375 955 3446; x_wconf 86' lang='lat' dir='ltr'><strong>dendus</strong></span> <span class='ocrx_word' id='word_1_165' title='bbox 1015 3373 1590 3441; x_wconf 82' lang='lat' dir='ltr'><strong>mathematicorum</strong></span> <span class='ocrx_word' id='word_1_166' title='bbox 1642 3370 1841 3437; x_wconf 89' lang='lat' dir='ltr'><strong>choro</strong></span> <span class='ocrx_word' id='word_1_167' title='bbox 1902 3370 2190 3454; x_wconf 82' lang='lat' dir='ltr'><strong>videtur,</strong></span> <span class='ocrx_word' id='word_1_168' title='bbox 2277 3374 2413 3458; x_wconf 90' lang='lat' dir='ltr'><strong>qui-</strong></span> <span class='ocrx_word' id='word_1_169' title='bbox 2440 3397 2571 3463; x_wconf 89' lang='lat' dir='ltr'><strong>pro</strong></span> 
     </span>
     <span class='ocr_line' id='line_1_27' title="bbox 709 3489 2575 3564; baseline -0.001 1"><span class='ocrx_word' id='word_1_170' title='bbox 709 3514 866 3564; x_wconf 85' lang='lat' dir='ltr'><strong>vero</strong></span> <span class='ocrx_word' id='word_1_171' title='bbox 922 3511 995 3560; x_wconf 89' lang='lat' dir='ltr'><strong>se</strong></span> <span class='ocrx_word' id='word_1_172' title='bbox 1033 3490 1123 3557; x_wconf 85' lang='lat' dir='ltr'><strong>ait</strong></span> <span class='ocrx_word' id='word_1_173' title='bbox 1166 3489 1708 3557; x_wconf 83' lang='lat' dir='ltr'><strong>verisimilitudine</strong></span> <span class='ocrx_word' id='word_1_174' title='bbox 1761 3506 1901 3555; x_wconf 86' lang='lat' dir='ltr'><strong>esse</strong></span> <span class='ocrx_word' id='word_1_175' title='bbox 1950 3502 2347 3559; x_wconf 86' lang='lat' dir='ltr'><strong>contentum.</strong></span> <span class='ocrx_word' id='word_1_176' title='bbox 2434 3493 2575 3563; x_wconf 86' lang='lat' dir='ltr'><strong>Ex-</strong></span> 
     </span>
     <span class='ocr_line' id='line_1_28' title="bbox 712 3604 2572 3692; baseline -0.001 -13"><span class='ocrx_word' id='word_1_177' title='bbox 712 3626 882 3692; x_wconf 79' lang='lat' dir='ltr'><strong>stant</strong></span> <span class='ocrx_word' id='word_1_178' title='bbox 915 3612 983 3677; x_wconf 87' lang='lat' dir='ltr'><strong>in</strong></span> <span class='ocrx_word' id='word_1_179' title='bbox 1022 3607 1144 3675; x_wconf 75' lang='lat' dir='ltr'><strong>alia</strong></span> <span class='ocrx_word' id='word_1_180' title='bbox 1198 3605 1420 3690; x_wconf 86' lang='lat' dir='ltr'><strong>quavis</strong></span> <span class='ocrx_word' id='word_1_181' title='bbox 1482 3604 1807 3689; x_wconf 89' lang='lat' dir='ltr'><strong>disciplina</strong></span> <span class='ocrx_word' id='word_1_182' title='bbox 1823 3651 1849 3687; x_wconf 90' lang='lat'><strong>,</strong></span> <span class='ocrx_word' id='word_1_183' title='bbox 1892 3604 2127 3689; x_wconf 86' lang='lat' dir='ltr'><strong>quibus</strong></span> <span class='ocrx_word' id='word_1_184' title='bbox 2173 3604 2398 3677; x_wconf 83' lang='lat' dir='ltr'><strong>intim&#39;o</strong></span> <span class='ocrx_word' id='word_1_185' title='bbox 2438 3610 2572 3677; x_wconf 80' lang='lat' dir='ltr'><strong>ani-</strong></span> 
     </span>
     <span class='ocr_line' id='line_1_29' title="bbox 710 3721 2569 3805; baseline -0.002 -10"><span class='ocrx_word' id='word_1_186' title='bbox 710 3747 816 3798; x_wconf 92' lang='lat' dir='ltr'><strong>mo</strong></span> <span class='ocrx_word' id='word_1_187' title='bbox 864 3727 1047 3793; x_wconf 88' lang='lat' dir='ltr'><strong>fidem</strong></span> <span class='ocrx_word' id='word_1_188' title='bbox 1101 3725 1442 3793; x_wconf 88' lang='lat' dir='ltr'><strong>habemus:</strong></span> <span class='ocrx_word' id='word_1_189' title='bbox 1490 3722 1555 3787; x_wconf 90' lang='lat' dir='ltr'><strong>in</strong></span> <span class='ocrx_word' id='word_1_190' title='bbox 1611 3721 1802 3787; x_wconf 90' lang='lat' dir='ltr'><strong>rebus</strong></span> <span class='ocrx_word' id='word_1_191' title='bbox 1857 3721 2245 3805; x_wconf 85' lang='lat' dir='ltr'><strong>moralibus,</strong></span> <span class='ocrx_word' id='word_1_192' title='bbox 2286 3724 2355 3790; x_wconf 93' lang='lat' dir='ltr'><strong>in</strong></span> <span class='ocrx_word' id='word_1_193' title='bbox 2390 3744 2569 3791; x_wconf 72' lang='lat' dir='ltr'><strong>mus-</strong></span> 
     </span>
     <span class='ocr_line' id='line_1_30' title="bbox 710 3837 2570 3927; baseline 0.001 -18"><span class='ocrx_word' id='word_1_194' title='bbox 710 3842 802 3909; x_wconf 90' lang='lat' dir='ltr'><strong>sis</strong></span> <span class='ocrx_word' id='word_1_195' title='bbox 878 3840 1196 3926; x_wconf 82' lang='lat' dir='ltr'><strong>religionis</strong></span> <span class='ocrx_word' id='word_1_196' title='bbox 1272 3837 1653 3927; x_wconf 85' lang='lat' dir='ltr'><strong>gravissimis</strong></span> <span class='ocrx_word' id='word_1_197' title='bbox 1702 3837 1803 3903; x_wconf 85' lang='lat' dir='ltr'><strong>sic</strong></span> <span class='ocrx_word' id='word_1_198' title='bbox 1857 3839 2047 3905; x_wconf 88' lang='lat' dir='ltr'><strong>nobis</strong></span> <span class='ocrx_word' id='word_1_199' title='bbox 2120 3842 2570 3924; x_wconf 83' lang='lat' dir='ltr'><strong>persuademus</strong></span> 
     </span>
     <span class='ocr_line' id='line_1_31' title="bbox 715 3954 2570 4038; baseline 0.001 -13"><span class='ocrx_word' id='word_1_200' title='bbox 715 3957 922 4038; x_wconf 77' lang='lat' dir='ltr'><strong>omnia</strong></span> <span class='ocrx_word' id='word_1_201' title='bbox 946 4002 972 4037; x_wconf 92' lang='lat'><strong>,</strong></span> <span class='ocrx_word' id='word_1_202' title='bbox 1054 3971 1129 4021; x_wconf 93' lang='lat' dir='ltr'><strong>ut</strong></span> <span class='ocrx_word' id='word_1_203' title='bbox 1197 3957 1482 4025; x_wconf 80' lang='lat' dir='ltr'><strong>dubitare</strong></span> <span class='ocrx_word' id='word_1_204' title='bbox 1534 3958 1615 4024; x_wconf 88' lang='lat' dir='ltr'><strong>de</strong></span> <span class='ocrx_word' id='word_1_205' title='bbox 1681 3954 1762 4023; x_wconf 91' lang='lat' dir='ltr'><strong>iis</strong></span> <span class='ocrx_word' id='word_1_206' title='bbox 1808 3955 1979 4024; x_wconf 87' lang='lat' dir='ltr'><strong>haud</strong></span> <span class='ocrx_word' id='word_1_207' title='bbox 2035 3955 2227 4026; x_wconf 82' lang='lat' dir='ltr'><strong>licere</strong></span> <span class='ocrx_word' id='word_1_208' title='bbox 2283 3959 2570 4027; x_wconf 82' lang='lat' dir='ltr'><strong>videatur</strong></span> 
     </span>
    </p>

    <p class='ocr_par' dir='ltr' id='par_1_6' title="bbox 2451 4075 2569 4141">
     <span class='ocr_line' id='line_1_32' title="bbox 2451 4075 2569 4141; baseline 0.017 -2"><span class='ocrx_word' id='word_1_209' title='bbox 2451 4075 2569 4141; x_wconf 85' lang='lat' dir='ltr'><strong>ho-</strong></span> 
     </span>
    </p>
   </div>
  </div>
 </body>
</html>
