2792 5167
924 575 1310 638 ...153-

176 741 435 808 nuilum
476 755 603 802 non
643 736 1050 817 cupiditatum
1087 754 1282 818 genus
1322 735 1662 818 excitetur,
1698 737 2043 821 isque‚‚tan-

181 855 332 921 dem
360 900 387 935 ,
436 852 607 918 omni
666 856 875 935 spreta
928 850 1185 916 rationis
1233 850 1596 917 auctoritate
1618 899 1641 932 ,
1695 870 1808 916 nec
1855 829 2041 936 ‹fuid-

182 989 385 1052 quam
439 968 668 1034 habens
714 971 775 1038 ἐν
815 972 898 1053 τῷ
938 971 1231 1051 θυμοειδεῖ
1263 968 1595 1050 praesidii,
1636 982 1808 1034 totus
1852 988 1885 1033 a
1929 971 2041 1036 cu-

181 1084 605 1170 piditatibus,
660 1099 720 1149 et
754 1083 1263 1166 pervicacissimis
1302 1084 1548 1165 quidem
1592 1084 1712 1148 illis
1749 1102 1818 1148 ac
1865 1103 2041 1167 pror-

184 1221 315 1270 sus
377 1199 682 1268 effrenatis
706 1247 730 1280 ,
801 1200 1060 1284 pendeat
1109 1219 1180 1266 ac
1234 1214 1504 1284 regatur.
1627 1199 1860 1266 Verum
1920 1201 2040 1263 hoc

192 1336 272 1385 ut
330 1319 515 1384 nobis
563 1318 1005 1383 demonstraret
1062 1317 1276 1400 Plato,
1351 1318 1428 1384 ad
1487 1317 1922 1406 democratiam,
1981 1330 2041 1380 et

188 1432 579 1517 tyrannidem
625 1431 892 1497 animum
930 1443 1217 1498 nostrum
1254 1434 1739 1500 convertendum
1770 1430 2043 1498 censuit.

188 1550 343 1617 Nos
380 1549 571 1634 igitur
609 1564 934 1631 pergamus
976 1546 1147 1613 illuc.

563 1777 684 1844 De
742 1775 1267 1844 democratia
1328 1794 1404 1842 et
1460 1781 1648 1845 viro

827 1911 1397 1979 demonatico.

290 2146 508 2211 Oritur
532 2193 552 2224 ,
595 2146 721 2225 ait,
757 2165 830 2212 ex
875 2147 1210 2227 oligarchia
1248 2146 1616 2211 democratia
1653 2163 1908 2230 propter
1949 2146 2042 2213 in-

199 2262 540 2330 satiabilem
580 2261 926 2327 divitiarum
970 2263 1396 2345 cupiditatem.
1467 2265 1624 2328 Nam
1652 2311 1674 2342 ‚
1713 2279 1780 2329 ut
1817 2267 2042 2329 divites

204 2395 400 2457 sunt,
437 2379 544 2459 qui
589 2378 692 2445 tali
726 2378 963 2444 civitati
1013 2394 1347 2463 praesunt,
1399 2379 1482 2444 ita
1532 2380 1592 2443 bi
1644 2380 1905 2463 juvenes
1954 2381 2045 2448 fa-

198 2496 323 2564 cile
356 2495 566 2561 sinunt
614 2496 1049 2577 patrimonium
1085 2516 1268 2562 suum
1311 2496 1661 2581 negligere,
1715 2513 1782 2562 ut
1826 2499 2043 2561 emtio-

198 2614 386 2680 nibus
424 2632 492 2680 ac
529 2609 897 2680 foenoribus
940 2629 1153 2677 eorum
1204 2611 1595 2693 acquirentes
1636 2612 1841 2691 bona,
1886 2633 2044 2696 opu-

196 2731 491 2796 }entiores
549 2732 726 2793 etiam
785 2742 975 2811 atque
1025 2697 1458 2796 honoratiores
1507 2728 1677 2794 fiant.
1767 2730 1868 2794 Sic
1910 2733 2045 2796 red-

203 2849 357 2913 dunt
410 2847 554 2912 illos
606 2847 867 2924 molles,
925 2844 1265 2922 delicatos,
1324 2848 1660 2927 socordes,
1709 2849 2048 2931 voluptati-

206 2965 326 3030 bus
380 2983 451 3028 ac
511 2963 833 3030 doloribus
896 2962 1396 3028 succumbentes.
1508 2962 1609 3028 Fit
1665 2977 1911 3042 autem,
1976 2979 2048 3029 ut

207 3097 541 3165 pauperes,
612 3082 685 3144 ad
754 3080 909 3144 hanc
969 3077 1193 3163 abjecti
1251 3078 1668 3146 conditionem
1694 3126 1717 3159 ‚
1781 3080 2045 3145 divitum

211 3197 455 3263 iliorum
511 3196 720 3260 luxum
782 3212 911 3259 nou
967 3192 1282 3275 ferentes,
1324 3197 1425 3260 vel
1485 3195 1606 3279 ipsi
1655 3197 1750 3260 vel
1803 3196 2049 3263 aliunde

210 3313 425 3380 auxilia
464 3310 626 3378 nacti
670 3310 1003 3375 seditiones
1047 3326 1355 3378 moveant.
1445 3311 1516 3376 In
1577 3311 1808 3392 quibus
1863 3314 1916 3375 si
1959 3314 2051 3377 vi-

211 3427 401 3493 cerint
429 3473 452 3507 ,
496 3426 702 3492 statim
743 3426 1110 3491 democratia
1152 3427 1424 3493 exsistit.
1512 3427 1633 3493 Est
1685 3442 1886 3493 autem
1951 3429 2050 3492 illa

211 3544 591 3629 hujusmodi.
678 3540 893 3606 Liberi
937 3557 1117 3608 erunt
1159 3560 1373 3607 omnes
1401 3589 1425 3623 ,
1468 3543 1892 3623 libertatisque
1933 3543 2050 3609 erit

211 3679 273 3727 et
316 3663 636 3744 παρρησίας
680 3660 860 3742 plena
910 3658 1170 3750 civitas:
1232 3658 1446 3724 licebit
1501 3660 1654 3724 adeo
1714 3659 2052 3742 unicuique

209 3778 271 3842 id
310 3778 479 3856 quod
522 3775 656 3841 vult
700 3765 1043 3857 peragere-'²2
1119 3772 1429 3860 Quocirca
1478 3774 1843 3856 pulcerrima
1884 3777 2053 3841 vide-

212 3892 378 3958 bitut·
420 3893 570 3956 haec
616 3891 995 3975 reipublicae
1034 3877 1316 3966 donditio
1343 3936 1368 3971 ,
1429 3891 1662 3974 quippe
1716 3911 1869 3973 quae
1912 3913 2052 3975 per-

217 4026 393 4088 quam
434 4008 597 4073 varia
639 4007 916 4073 continet
959 4007 1282 4074 hominum
1326 4027 1568 4093 genera.
1633 4010 1827 4075 Porro
1846 4010 2054 4076 diviua

213 4121 334 4200 iilic
377 4125 494 4198 erit
532 4123 760 4191 civium
808 4123 932 4192 vita
958 4173 981 4208 ,
1023 4142 1165 4193 cum
1209 4141 1412 4209 neque
1451 4126 1692 4210 cogaris
1735 4128 2051 4210 magistra-

1978 4260 2054 4309 tt-
