2792 5167
1376 531 1470 556 ...
1523 527 1775 589 104...

664 699 868 764 mum,
912 669 990 748 ad
1032 701 1218 767 quem
1262 683 1536 752 animum
1572 688 1824 772 exigens
1866 705 2066 754 meum
2091 734 2115 769 ,
2162 685 2214 750 si
2253 684 2328 749 ab
2367 683 2507 767 ipso

655 813 822 864 recte
866 800 1077 862 cultus
1130 799 1590 883 institutusque
1629 803 2043 885 probaretur,
2091 803 2305 869 scirem
2333 849 2356 883 ,
2399 801 2522 866 mi-

657 912 727 979 hi
778 912 1110 992 sufficere,
1171 933 1284 980 nec
1338 916 1454 982 alia
1507 938 1672 1001 opus
1737 937 1873 986 esse
1929 918 2359 1003 probatione?
2422 952 2517 970 —

660 1030 982 1117 Quorsum
1044 1032 1234 1110 haec,
1276 1052 1319 1096 o
1360 1033 1700 1100 Socmtes?
1748 1070 1843 1088 —
1890 1036 2110 1100 Dicam
2166 1035 2281 1100 tibi
2335 1033 2518 1115 equi-

659 1147 839 1214 dem:
885 1165 1109 1231 nempe
1158 1146 1469 1230 arbitror,
1512 1168 1652 1216 cum
1714 1165 1776 1217 te
1823 1165 2042 1216 nactus
2099 1149 2361 1228 fuerim,
2410 1167 2518 1214 me

651 1265 779 1350 jam
810 1264 1217 1331 desideratum
1252 1264 1422 1331 istud
1450 1266 1768 1352 negotium
1790 1267 2121 1334 invenisse.
2165 1300 2258 1319 —-
2296 1265 2505 1352 Quam

660 1381 745 1447 ob
804 1381 1138 1448 caussam?
1180 1418 1274 1434 —
1315 1382 1462 1448 Scio
1517 1382 1751 1448 scilicet
1776 1429 1800 1463 ,
1842 1381 1897 1448 si
1950 1382 2196 1465 quidem
2243 1397 2315 1447 tu
2355 1379 2507 1446 mihi

658 1496 1000 1564 assenseris
1052 1498 1129 1563 de
1196 1498 1320 1579 iis,
1408 1517 1568 1580 quae
1621 1500 1862 1565 animus
1918 1517 2094 1565 meus
2173 1498 2512 1583 opinatur,

658 1613 809 1679 baec
868 1615 993 1698 jam
1080 1612 1264 1679 unice
1330 1632 1475 1680 esse
1548 1632 1713 1680 vera.
1840 1615 2005 1681 Nam
2085 1614 2179 1680 sic
2248 1613 2516 1699 judico,

657 1747 844 1808 eum,
902 1729 1011 1811 qui
1067 1744 1237 1797 recte
1295 1733 1477 1814 cujus
1533 1730 1808 1798 animum
1869 1734 2307 1815 exploraturus
2368 1744 2514 1811 est,

660 1859 869 1912 utrum
886 1845 1045 1912 bene
1065 1846 1330 1913 vivatan
1352 1848 1507 1914 male
1531 1895 1556 1929 ,
1601 1850 1716 1914 tria
1746 1864 1957 1916 tenere
1979 1863 2315 1933 oportere,
2357 1864 2522 1934 quae

658 1965 727 2031 in
773 1979 840 2031 te
871 1965 1077 2030 omnia
1112 1979 1265 2030 sunt
1281 2011 1306 2044 ,
1353 1968 1672 2030 scientiam
1693 2011 1716 2044 ,
1755 1966 2223 2032 benivolentiam
2241 2010 2266 2044 ,
2308 1962 2517 2027 dicen-

655 2078 728 2146 de·
782 2080 1157 2145 libertatem.
1274 2080 1347 2143 In
1407 2083 1639 2145 multos
1702 2081 1863 2145 enim
1921 2098 2038 2163 ego
2098 2077 2283 2143 incidi
2307 2124 2332 2159 ,
2399 2078 2515 2159 qui

656 2197 977 2279 explorare
1012 2213 1110 2258 me
1153 2211 1284 2258 non
1320 2209 1628 2277 possent,
1675 2196 1845 2278 quod
1884 2214 2011 2260 non
2037 2211 2249 2262 essent
2271 2244 2296 2278 ,
2319 2215 2518 2279 prou·

656 2314 708 2380 ti
767 2326 888 2392 tu,
928 2310 1281 2395 sapientes;
1323 2312 1426 2378 alii
1480 2313 1789 2396 sapientes
1847 2312 2096 2394 quidem
2143 2328 2330 2394 sunt,
2401 2314 2515 2378 sed

656 2431 885 2496 nolunt
943 2427 1092 2493 mihi
1154 2428 1474 2494 veritatem
1530 2428 1774 2508 dicere,
1838 2429 2010 2511 quod
2071 2447 2198 2495 non
2251 2430 2377 2510 ita,
2438 2443 2515 2494 ut

658 2561 731 2612 tu
756 2592 781 2626 ,
822 2563 1031 2611 curam
1087 2544 1208 2611 mei
1258 2559 1508 2629 gerunt.
1596 2544 1904 2627 Hospites
1943 2561 2149 2611 autem
2184 2545 2299 2625 hi,
2344 2545 2516 2611 Gor-

656 2662 785 2747 gias
833 2674 900 2728 et
954 2662 1193 2742 Polus,
1239 2659 1550 2744 sapientes
1606 2661 1853 2742 quidem
1895 2675 2045 2727 sunt
2089 2662 2369 2744 mihique
2405 2662 2519 2730 be-

658 2778 872 2846 nevoli
899 2825 925 2860 ,
1004 2779 1117 2846 sed
1195 2777 1370 2845 deest
1431 2777 1508 2842 iis
1564 2777 1806 2843 dicendi
1869 2776 2120 2844 libertas
2142 2826 2165 2859 ,
2244 2795 2519 2862 suntque

656 2893 1181 2971 verecundiores,
1272 2910 1455 2971 quam
1529 2891 1782 2958 deceat:
1871 2911 2013 2958 nam
2071 2895 2284 2975 quidni
2336 2895 2514 2976 sint,

660 3009 901 3090 quippe
963 3006 1071 3086 qui
1122 3022 1200 3070 eo
1242 3024 1687 3089 processerunt
1747 3011 2196 3091 verecundiae,
2240 3025 2358 3093 ut,
2400 3030 2516 3096 per

656 3124 1009 3208 pudorem,
1052 3122 1272 3187 audeat
1318 3137 1585 3204 uterque
1629 3142 1847 3191 eorum
1889 3127 2139 3195 sibimet
2180 3127 2316 3211 ipse
2356 3132 2515 3194 mul-

655 3238 741 3306 tis
796 3256 1004 3305 coram
1064 3238 1465 3319 hominibus,
1552 3240 1745 3324 idque
1801 3243 1881 3310 de
1939 3244 2123 3311 rebus
2181 3244 2459 3311 maximis
2481 3293 2508 3326 ‚

656 3349 970 3425 'contraria
1047 3351 1279 3446 dicere,
1407 3357 1517 3425 Tu
1593 3377 1746 3425 vero
1827 3361 1974 3427 haec
2033 3359 2238 3427 omnia
2292 3375 2513 3445 tenes,

662 3478 893 3560 quibus
938 3475 1220 3544 destituti
1267 3490 1420 3540 sunt
1455 3474 1678 3541 caeteri
1701 3498 1722 3539 .-
1765 3495 1964 3558 esque
2017 3476 2136 3543 rite
2187 3480 2519 3561 excultus,

659 3610 734 3661 ut
792 3594 975 3661 multi
1018 3591 1196 3659 facile
1248 3592 1455 3657 dicant
1508 3593 2033 3674 Atheniensium,
2077 3594 2361 3676 mihique
2414 3596 2525 3663 be-

654 3712 947 3777 nevolus.
1078 3708 1270 3796 Quod
1336 3727 1461 3790 qua
1524 3708 1643 3774 sim
1714 3711 2078 3794 conjectura
2139 3726 2467 3778 assecutus
2492 3758 2519 3793 ,

654 3825 898 3896 dicam..
959 3826 1099 3892 Vos
1139 3844 1325 3907 esse,
1372 3826 1660 3892 Callicles
1686 3872 1710 3907 ,
1753 3825 1906 3892 novi
1947 3839 2224 3909 quatuor
2268 3826 2514 3911 sapien·

652 3940 777 4008 tiae
825 3940 1084 4020 socios,
1145 3957 1251 4023 te,
1314 3943 1686 4009 Tisandrum
1735 3942 2171 4026 Aphidnaeum
2197 3989 2221 4023 ,
2266 3941 2516 4008 Andro-

653 4079 793 4129 nem
838 4056 1299 4139 Androtionis‚
1345 4059 1766 4142 Nausicydem
1819 4059 2264 4140 Cholargeum.
2331 4058 2516 4125 Ciam

2401 4185 2548 4242 mh.
