2792 5167
1411 440 1821 506 ...174-

667 620 862 678 sensu
894 603 1195 686 acceperit
1229 605 1407 671 Plato
1450 605 1980 689 Pythagoreorum
2028 608 2104 673 de
2137 606 2540 691 philosophia

669 719 920 788 effatum
941 768 967 804 ‚
1031 739 1170 787 esse
1225 720 1389 788 illam
1447 726 1742 788 musicam
1800 744 2128 791 summam.
2214 722 2541 810 Opposuit

667 855 798 906 eam
833 838 1073 906 artibus
1104 839 1469 922 vulgaribus
1494 886 1518 919 ‚
1562 856 1632 903 ut
1679 859 1714 903 e
1758 840 2041 907 Socratis
2088 857 2262 926 patet
2302 842 2370 907 in
2405 858 2541 907 car-

661 975 800 1024 cere
840 975 1153 1044 sermone.
1241 957 1509 1027 Euan-at
1549 956 1676 1021 illic
1715 957 1976 1037 amicis,
2022 957 2269 1025 somnio
2311 978 2382 1025 se
2430 959 2539 1025 ad-

660 1066 972 1144 monitum
1003 1072 1245 1152 fuisse,
1293 1089 1362 1138 ut
1401 1074 1671 1138 musicae
1709 1093 1959 1156 operam
1995 1090 2290 1141 navaret.
2316 1073 2540 1142 existi·

658 1211 859 1258 masse
909 1205 1162 1271 autem,
1205 1190 1503 1259 divinitus
1550 1211 1618 1257 se
1654 1192 1938 1272 incitari,
1982 1208 2056 1258 ut
2096 1195 2273 1274 quod
2327 1193 2537 1261 adh'uc

659 1310 895 1405 egisset
912 1355 938 1391 ‚
983 1308 1047 1375 id
1102 1328 1293 1392 porro
1335 1325 1584 1394 ageret·
1622 1308 2088 1393 philosophiam
2131 1308 2296 1375 enim
2355 1328 2533 1375 sum-

660 1445 822 1493 mam
861 1446 1001 1495 esse
1039 1427 1388 1506 musicam,
1432 1427 1580 1494 huic
1630 1440 1837 1494 autem
1872 1444 1944 1492 se
1978 1444 2223 1510 semper
2252 1424 2533 1503 studuis-

658 1564 769 1628 se3
833 1544 1129 1630 deinceps
1194 1565 1344 1611 vero
1404 1544 1628 1611 iterum
1688 1544 2039 1626 iterumque
2096 1541 2489 1609 admonitum
2504 1589 2537 1626 ,

657 1665 904 1731 tandem
945 1663 1336 1748 suspicatum
1374 1682 1514 1729 esse
1536 1709 1562 1744 ,
1588 1669 1695 1742 τὴν
1737 1667 1971 1747 δημώδη
2014 1640 2348 1746 maeticha}
2388 1656 2538 1727 vul·

648 1792 873 1864 garam
931 1782 1233 1845 musicam
1264 1799 1299 1844 a
1350 1781 1492 1846 Deo
1544 1778 1930 1862 significari,
1973 1797 2239 1860 eamque
2270 1790 2537 1845 tractate

653 1893 1027 1961 instituisse.
1090 1890 1157 1937 ‘¹2
1241 1896 1583 1980 Vulgarem
1631 1896 1811 1963 Plato
1864 1895 2133 1963 vocabat
2180 1893 2481 1962 musicam
2503 1942 2533 1979 ‚

653 2031 815 2094 quae
858 2012 1223 2098 Polymniae
1278 2031 1446 2082 esset
1486 2033 1661 2081 saera
1718 2028 1782 2079 et
1841 2013 2039 2080 amori
2087 2010 2539 2098 gratificaretur

649 2129 896 2213 vulgari
919 2178 945 2213 ,
1001 2150 1209 2199 veram
1250 2147 1457 2199 autem
1493 2147 1556 2198 et
1594 2150 1895 2198 summam
1915 2178 1940 2213 ,
1986 2150 2149 2213 quae
2199 2132 2535 2201 coelestem

650 2249 719 2315 in
765 2249 990 2316 animis
1032 2268 1304 2316 amorem
1331 2252 1519 2315 aleret
1552 2262 1616 2314 et
1668 2249 1924 2315 Musam
1964 2260 2335 2332 sequeretur
2370 2247 2534 2317 Ura-

648 2346 814 2433 niam
835 2413 861 2448 ,
903 2365 953 2433 i.
1006 2386 1066 2433 e.
1111 2364 1577 2449 philosophiam
1619 2366 1849 2449 ipsam.
1935 2365 2110 2433 Haec
2138 2364 2342 2449 spirat
2376 2364 2535 2432 Mu·-

648 2503 721 2550 sa
763 2483 831 2549 in
878 2485 1149 2557 dramate
1200 2481 1478 2550 Platonis
1498 2530 1524 2565 ,
1569 2483 1744 2565 quod
1794 2481 2072 2566 optimae
2115 2483 2283 2549 vitae
2329 2480 2535 2553 imita-

648 2598 743 2666 tio
771 2611 872 2666 eat
888 2644 914 2680 ,
957 2598 1261 2681 quodque
1291 2597 1678 2665 verissimam
1717 2599 2056 2683 appellavit
2100 2576 2481 2683 tragoediam
2501 2618 2526 2664 ε

647 2716 847 2801 spirat
877 2714 946 2783 in
979 2714 1224 2783 Timaei
1255 2715 1541 2782 oratione
1561 2761 1587 2797 ,
1632 2716 1883 2798 quando
1935 2714 1993 2781 is
2010 2760 2035 2796 ,
2078 2715 2193 2785 hac
2241 2713 2386 2798 ipsa
2434 2713 2535 2781 in-

648 2838 879 2903 vocata
895 2881 923 2919 ‚
981 2852 1187 2901 rerum
1237 2833 1500 2918 exponit
1560 2830 1870 2918 principia
1924 2845 1997 2898 et·
2043 2830 2265 2899 mundi
2324 2826 2533 2916 Opifi-

650 2971 786 3021 cem
836 2951 1144 3020 celebrat:
1207 2965 1342 3019 tum
1393 2971 1547 3018 vero
1584 2966 1649 3016 et
1690 2950 1887 3035 spirat
1940 2946 2222 3031 omnium
2269 2947 2533 3017 maxime

651 3084 717 3135 et
754 3069 1113 3135 dominatur
1145 3068 1212 3133 in
1258 3068 1514 3133 sublimi
1568 3067 1805 3150 hymno
1828 3113 1855 3149 ‚
1916 3087 2047 3152 quo
2095 3084 2368 3134 amorem
2424 3083 2533 3132 ce·-

651 3182 919 3250 lebravit
959 3185 1025 3250 in
1069 3184 1350 3252 Phaedro
1387 3185 1712 3253 Socrates.
1796 3184 1970 3253 Haec
2018 3198 2115 3252 est
2152 3204 2338 3270 quam
2389 3185 2533 3253 Pla·

654 3313 722 3365 to
785 3298 989 3366 coluit
1043 3298 1260 3383 poesis
1277 3348 1302 3383 ‚
1364 3302 1524 3367 hanc
1571 3300 1767 3369 nobis
1826 3302 2081 3389 reliquit
2120 3301 2372 3386 scriptis
2417 3320 2531 3370 ex.

649 3436 929 3506 pressam
961 3418 1132 3487 suis.

714 3623 812 3698 (ι)
851 3621 1124 3679 Phaedon·
1166 3623 1252 3679 60.
1290 3619 1356 3674 E.
1392 3626 1450 3673 et
1480 3620 1561 3674 δι.
1600 3621 1671 3673 A.

2698 748 2729 769 Ρ
