2792 5167
1531 451 1882 516 ...68—

761 641 825 692 et
875 625 1137 696 rudibus
1170 626 1468 696 convenit
1491 673 1518 710 ‚
1560 642 1624 694 et
1657 646 1784 694 una
1821 644 1920 695 est
1951 603 2098 713 apta
2129 632 2208 698 ad
2251 631 2614 700 'universum

761 745 1166 810 excolendum
1213 763 1412 829 genus
1460 746 1825 813 humanum.
1912 748 2036 816 Sed
2085 768 2217 832 quo
2275 749 2472 834 magis
2509 747 2619 814 im-

757 875 993 928 mutata
1039 877 1135 928 est
1186 862 1378 929 hodie
1417 863 1859 947 philosophiae
1911 866 2235 948 conditio,
2280 885 2358 932 eo
2420 865 2619 932 minus

753 978 939 1044 nobis
992 981 1505 1047 committendum
1533 1028 1557 1062 ,
1627 997 1699 1047 ut
1754 981 2074 1064 antiquam
2123 983 2425 1052 rationem
2484 1000 2623 1050 cum

752 1094 1059 1164 hodierna
1123 1096 1610 1165 confundamus.
1714 1098 1806 1165 Et
1856 1098 2146 1182 profecto
2218 1101 2412 1167 habet
2479 1101 2625 1168 haec

752 1212 893 1297 ipsa
937 1213 1182 1297 antiqui
1227 1215 1598 1300 disquisitio
1638 1216 1818 1297 aevi,
1864 1236 1994 1300 quo
2036 1231 2307 1283 mentem
2350 1232 2630 1283 nostram

746 1331 1167 1417 maximopere
1244 1334 1525 1401 advertat
1541 1381 1566 1415 ,
1651 1332 1840 1400 habet
1860 1381 1886 1416 ,
1970 1353 2100 1416 quo
2153 1332 2362 1401 studia
2413 1347 2634 1404 nostra

714 1450 875 1526 ‘alat
926 1469 997 1518 ac
1047 1453 1427 1518 moderetur.
1512 1451 1677 1519 Nam
1737 1466 1812 1518 ut
1865 1452 2250 1518 celebramus
2302 1447 2433 1517 fere
2488 1449 2636 1550 phi·

748 1565 1105 1651 Iosophiam
1132 1617 1157 1651 ,
1222 1588 1338 1636 nec
1392 1584 1604 1637 tamen
1647 1568 1962 1636 cernimus
2020 1571 2154 1654 ejus
2215 1567 2341 1636 nisi
2393 1584 2634 1652 partem

752 1683 1087 1750 obscuram
1108 1733 1134 1768 ,
1212 1688 1691 1772 metaphysicam
1768 1700 2001 1753 vocant
2041 1733 2067 1768 ,
2133 1687 2220 1752 ita
2278 1685 2634 1771 quaerimus

747 1814 1025 1882 sponte,
1072 1801 1276 1881 qualis
1325 1800 1663 1882 aliquando
1717 1800 1909 1869 fuerit
1935 1847 1961 1883 ,
2005 1821 2201 1882 quum
2245 1800 2487 1884 integra
2537 1821 2640 1869 ea·

750 1930 850 1983 set
891 1917 1073 1999 plane
1091 1965 1116 1999 ,
1160 1905 1478 1984 doctrinas
1519 1935 1739 1985 omnes
1769 1964 1790 1999 ,
1848 1932 1923 1983 ut
1958 1936 2180 2000 parens
2231 1917 2590 1986 communis
2612 1961 2641 1999 ,

748 2033 1307 2116 complecteretur,
1353 2034 1780 2120 suppeditaret
1835 2036 2122 2117 homini,
2159 2037 2335 2117 quod
2371 2035 2642 2120 negabat
2661 2027 2677 2048 ⁸

752 2152 975 2234 religio
1043 2168 1107 2219 et
1164 2157 1374 2221 bearet
1430 2152 1722 2221 universe
1777 2154 2108 2221 cultiorem
2160 2168 2400 2235 partem
2452 2171 2646 2236 gene·

756 2269 847 2334 ris
899 2269 1178 2335 humani.
1269 2271 1453 2356 Quae
1496 2271 1553 2337 si
1586 2288 2015 2354 cognoscere,
2059 2287 2123 2335 et
2153 2289 2305 2338 vero
2347 2268 2495 2336 hinc
2537 2270 2646 2353 ip·

750 2384 811 2451 si
871 2403 1092 2469 capere
1150 2384 1429 2454 fructum
1521 2389 1834 2470 velimus,
1937 2387 2004 2453 in
2069 2387 2387 2470 antiquam
2447 2385 2646 2453 nobis

755 2501 1085 2569 Graeciam
1139 2505 1546 2572 recedendum
1593 2520 1713 2572 est.
1809 2505 1974 2572 Nam
2009 2505 2139 2572 illic
2179 2519 2323 2571 nata
2357 2517 2455 2570 est
2494 2504 2652 2587 phi-

752 2619 1049 2703 losophia
1109 2634 1173 2685 et
1238 2621 1402 2686 laete
1450 2620 1714 2688 increvit
1763 2621 2164 2706 effloruitque
2185 2668 2210 2701 ,
2258 2635 2329 2688 ut
2385 2635 2651 2702 germen

750 2737 1033 2806 nativum
1056 2787 1080 2821 ,
1122 2739 1265 2805 solo
1321 2737 1415 2805 illi
1464 2753 1527 2805 et
1558 2737 1832 2824 tempori
1867 2739 2051 2805 unice
2091 2735 2442 2822 proprium.
2490 2735 2652 2803 Huc

752 2877 909 2926 vero
959 2858 1242 2926 traducta
1262 2905 1286 2940 ,
1330 2856 1631 2924 emarcuit
1682 2857 1898 2925 subito
1930 2871 1993 2922 et
2026 2853 2314 2939 quamvis
2355 2851 2652 2920 studiose

751 2980 1039 3058 exculta,
1084 2976 1330 3058 antiqui
1380 2975 1619 3057 vigoris
1668 2995 1748 3042 ne
1790 2974 2061 3059 speciem
2121 2972 2375 3056 quidem
2421 2967 2649 3036 refert.

756 3090 885 3156 Sed
933 3110 1010 3156 eo
1050 3092 1239 3156 nobis
1282 3092 1648 3172 diligentius
1687 3094 2001 3157 tractanda
2040 3105 2190 3154 sunt
2235 3088 2467 3171 scripta
2497 3087 2652 3154 Pla-

747 3206 946 3271 tonis.
1034 3206 1108 3271 In
1160 3206 1333 3272 hisce
1390 3206 1555 3272 enim
1611 3222 1867 3289 apparet
1923 3204 2183 3272 dotibus
2245 3204 2379 3271 suis
2433 3205 2656 3271 omni-

738 3320 876 3402 ,bus
924 3334 987 3386 et
1037 3320 1380 3388 virtutibus
1441 3322 1790 3403 instructa,
1847 3325 2118 3406 jungens
2171 3319 2655 3403 simplicitatem

748 3438 1130 3506 Socraticam
1176 3457 1320 3504 cum
1373 3437 1789 3522 Pythagorica
1827 3435 2252 3518 sublimitate,
2305 3451 2656 3520 poetarum

755 3555 1119 3640 elegantiam
1175 3574 1318 3623 cum
1373 3554 1842 3623 dialecticorum
1893 3553 2285 3635 subtilitate,
2328 3553 2486 3620 hanc
2529 3576 2655 3622 au-

752 3689 878 3742 tem
934 3674 1251 3760 propriam
1306 3674 1587 3755 habens,
1660 3692 1790 3739 non
1839 3671 2050 3738 dotem
2074 3720 2100 3755 ,
2161 3673 2273 3739 sed
2339 3671 2655 3739 virtutem

757 3792 1079 3862 maximam
1099 3839 1123 3874 ,
1168 3806 1242 3861 ut
1293 3792 1370 3859 ad
1411 3796 1551 3860 veri
1603 3791 1884 3857 studium
1936 3788 2239 3858 referatur
2293 3804 2450 3858 tota.

1422 3985 1971 4039 *mm-00
