2792 5167
929 541 1312 610 ..293-

168 705 421 775 misse.
522 702 895 774 Interfuerat
947 705 1217 775 solemni
1276 704 1599 775 hominum
1653 724 1799 776 cunt
1844 704 2051 776 bono-v

156 842 329 891 rum
382 835 519 891 tum
590 819 888 888 malorum
937 822 1217 907 judicio,
1279 824 1356 890 de
1403 841 1538 907 quo
1595 824 1679 893 ita
1735 824 2042 894 narrabat.

156 941 529 1023 Postquam
573 918 650 1006 eir
680 958 945 1023 corpore
993 941 1220 1007 exierat
1262 940 1461 1026 ipsius
1508 940 1796 1025 animus,
1845 943 1910 1010 in
1948 942 2046 1007 lo-

163 1077 335 1124 cum
393 1075 463 1123 se
510 1058 833 1139 quemdam
899 1057 1177 1124 divinum
1239 1057 1531 1137 venisse,
1595 1058 1705 1125 ubi
1761 1059 1893 1127 duo
1947 1077 2052 1125 es-

170 1187 341 1242 sent
384 1191 625 1256 terrae,
688 1173 1078 1257 totidemque
1131 1175 1288 1241 coeli
1349 1175 1599 1245 hiatust
1661 1175 1896 1242 vidisse
1935 1194 2048 1243 au-

166 1305 317 1359 tem
365 1291 488 1356 illic
532 1290 773 1375 iudices
830 1292 1159 1371 sedentes,
1200 1290 1311 1373 qui
1369 1292 1611 1357 animos
1662 1291 2046 1378 judicarent,

164 1423 261 1471 ac
309 1406 518 1492 justos
562 1405 811 1487 quidem
866 1404 948 1473 ad
1000 1406 1277 1473 dextram
1324 1405 1390 1473 in
1433 1408 1680 1474 coelum
1721 1408 2052 1475 escendere

166 1518 521 1609 juberent,
563 1519 835 1606 injustos
886 1541 1040 1587 vero
1091 1521 1169 1589 ad
1220 1520 1531 1589 sinistram
1578 1522 1644 1588 in
1693 1521 1876 1589 imam
1921 1535 2060 1590 ter·-

174 1656 323 1707 ram
371 1637 781 1719 descendere,
841 1650 1149 1721 utrosque
1203 1657 1464 1720 eorum,
1533 1657 1690 1723 quae
1732 1636 2054 1725 judicave-

170 1768 377 1835 rant,
420 1755 598 1839 signa
636 1750 935 1821 ferentes.
1016 1753 1090 1822 ln
1130 1753 1301 1823 hunc
1340 1754 1531 1839 igitur
1570 1774 1642 1823 se
1688 1755 1897 1823 locum
1938 1774 2055 1826 ve-

178 1871 407 1949 nisse,
446 1887 716 1951 cumque
761 1870 841 1935 ad
887 1869 1128 1955 judices
1177 1870 1590 1949 accessisset,
1642 1869 1794 1937 illos
1845 1868 2052 1957 ajebat

186 1985 473 2064 dixisse,
513 1985 709 2053 redire
748 1988 953 2070 ipsum
989 1988 1066 2052 ad
1100 1986 1380 2052 homines
1415 2001 1748 2071 oportere,
1789 2003 1862 2054 ut
1892 2007 2052 2071 quae

191 2100 337 2169 illic
399 2101 654 2169 vidisset
715 2103 1061 2171 nunciaret.
1186 2102 1447 2171 Viderat
1498 2104 1691 2189 igitur
1754 2124 1869 2188 per
1926 2106 2049 2173 hos
2097 2118 2108 2129 ·

187 2219 365 2288 coeli
424 2233 739 2303 terraeque
802 2220 1009 2286 hiatus
1078 2220 1319 2286 animos
1385 2222 1510 2288 lata
1557 2219 1868 2289 sententia
1938 2220 2056 2289 ab·

192 2351 466 2421 euntes3
550 2355 657 2422 per
698 2337 930 2402 alteros
979 2351 1184 2425 autem
1244 2333 1453 2407 hiatus
1502 2338 1831 2405 redeuntes
1875 2337 2048 2403 illinc

192 2450 489 2534 animos,
532 2450 643 2535 qui
665 2470 703 2519 e
730 2464 890 2520 terra
918 2451 1371 2534 escendebant,
1414 2455 1717 2537 pulvere,
1760 2453 2052 2534 squalore

194 2569 518 2651 macieque
571 2564 946 2650 confectos,
1006 2567 1120 2651 qui
1174 2585 1326 2635 vero
1393 2584 1435 2634 e
1491 2568 1672 2633 coelo
1718 2566 2053 2634 descende-

195 2683 403 2763 bant,
442 2701 667 2767 puros.
749 2682 877 2751 Hic
923 2698 1126 2749 autem
1165 2698 1429 2771 cunctos
1473 2668 1758 2749 narrabat
1797 2682 1865 2748 in
1910 2702 2052 2767 pra-

194 2814 323 2883 te,
362 2812 653 2881 tanquam
686 2796 914 2865 'celebri
963 2794 1027 2863 in
1069 2810 1384 2864 conventu
1407 2842 1433 2878 ,
1473 2795 1595 2864 sibi
1632 2798 1894 2866 invicem
1934 2797 2056 2866 ob-

199 2914 403 2995 vios,
440 2914 804 2996 complexos
856 2932 929 2982 se
982 2931 1204 3011 mutuo
1253 2912 1452 2981 fuisse
1489 2934 1560 2981 ac
1609 2932 2055 3001 percontatos,

193 3050 367 3119 quae
404 3035 542 3097 suis
594 3030 658 3097 in
702 3028 1061 3113 regionibus
1110 3030 1444 3110 vidissent,
1485 3031 1752 3117 injustos
1802 3032 2054 3114 quidem

194 3147 487 3215 dolentes
525 3166 597 3214 ac
642 3147 907 3225 flentes,
969 3148 1271 3215 malorum
1328 3147 1672 3229 memoria,
1732 3168 1891 3231 quae
1928 3148 2053 3217 sub

200 3263 392 3333 terris
436 3279 649 3333 essent
681 3261 1000 3350 perpessi,
1054 3262 1264 3346 justos
1315 3279 1510 3344 vero,
1587 3262 1696 3344 qui
1744 3263 1825 3329 de
1874 3266 2055 3331 coelo

201 3382 692 3461 descenderant,
741 3378 822 3446 de
859 3376 1099 3446 deliciis
1140 3380 1431 3446 retulisse
1468 3377 1870 3460 infinitaeque
1915 3382 2059 3463 pul-

200 3497 537 3566 critudinis
592 3494 964 3580 spectaculis
1002 3492 1120 3567 (ἱ).
1222 3494 1392 3562 Haec
1432 3494 1758 3562 Socratest
1822 3495 2059 3578 quibus

200 3614 325 3681 alia
370 3613 560 3680 multa
611 3611 857 3698 adjicit,
938 3626 1070 3676 tum
1129 3610 1389 3679 maxime
1443 3609 1707 3675 vitarum
1762 3611 2062 3678 distribu-

205 3731 489 3812 tionem,
532 3729 599 3797 in
661 3746 785 3812 qua
847 3746 1143 3812 perquam
1207 3725 1623 3793 memorabilis
1676 3741 1816 3810 est,
1874 3748 2059 3812 quam

207 3844 509 3913 Lachesis
556 3843 784 3924 habet,
840 3841 1251 3911 Necessitatis
1297 3842 1460 3924 filia,
1527 3844 1775 3912 orarios
1856 3848 2061 3930 ψυχαὶ

1913 3966 2065 4046 ἐφή-

282 4116 366 4189 (ι)
401 4118 494 4172 ι).
521 4117 670 4187 201».
704 4114 781 4169 x.
815 4116 935 4172 su.
969 4117 1035 4172 c.
1067 4143 1135 4159 --
1165 4115 1283 4171 διε.
1324 4118 1392 4170 Α.

1117 4216 1187 4282 Ν
