2792 5167
929 465 1310 532 ...209-

136 634 667 703 confunderent.
807 631 1052 715 Horum
1114 628 1343 698 factum
1402 628 1843 714 intempestivo
1893 629 2048 713 dog-

140 768 419 819 matum
479 748 1011 816 conciliandorum
1068 747 1281 813 studio
1342 761 1483 827 est,
1549 762 1618 811 ut
1659 763 1722 813 et
1766 766 2047 813 corrum-

143 885 441 953 peretur
502 885 760 951 prorsus
814 864 1094 930 doctrina
1144 864 1421 929 Platonis
1474 878 1535 928 et
1595 863 1877 928 salutaris
1930 865 2046 928 ho·

138 990 383 1067 mini,
439 1006 598 1068 quae
661 999 801 1049 nata
855 996 1026 1061 erat,
1085 981 1352 1065 religio,
1415 981 1655 1061 quippe
1708 978 2044 1045 commixta

135 1125 321 1187 cum
380 1106 485 1170 illa
552 1118 613 1167 et
675 1102 877 1167 aliena
941 1096 1032 1165 sic
1112 1096 1323 1180 specie
1396 1095 1737 1179 prodiens,
1803 1094 1865 1160 vi
1928 1096 2045 1161 sua

135 1238 456 1305 magnam
514 1233 747 1302 partem
809 1216 1271 1283 destitueretur.
1398 1214 1823 1301 Quamobrem
1884 1230 2045 1293 nos,

134 1338 223 1403 in
279 1337 429 1420 ipso
470 1337 591 1421 jam
638 1317 1152 1416 disquisitionum
1194 1346 1548 1396 nostrarum
1596 1329 1901 1410 exordio,
1944 1347 2046 1393 ca-

142 1456 445 1520 vendum
509 1471 648 1517 esse
706 1451 783 1516 ab
846 1451 958 1515 hac
1017 1447 1341 1514 hominum
1396 1447 1803 1530 perversitate
1859 1444 2040 1511 etiam

138 1588 368 1654 atque
407 1571 585 1635 etiam
634 1567 1016 1632 monuimuS.
1057 1564 1140 1636 (¹)

247 1685 679 1769 Corruptioni
757 1682 1075 1750 doctrinae
1149 1700 1297 1747 suae
1364 1682 1501 1765 ipse
1568 1679 1811 1746 videtur
1860 1679 2040 1746 Plato

153 1824 387 1872 ansam
436 1801 819 1885 praebuisse.
910 1801 1072 1867 Nam
1114 1800 1183 1864 in
1220 1797 1590 1878 Phaedone,
1632 1796 1738 1863 ubi
1768 1795 2040 1863 divinam

147 1921 367 1989 animi
415 1937 693 1986 naturam
752 1918 1073 1998 celebrat,
1125 1916 1214 1982 sic
1262 1914 1578 1997 sprevisse
1619 1932 1761 1978 eum
1804 1925 1868 1977 et
1900 1929 2043 1976 cor-

146 2060 296 2124 pus
359 2055 419 2106 et
470 2058 568 2104 res
637 2055 850 2102 omnes
907 2052 1237 2118 corporeas
1299 2030 1571 2109 dixeris,
1639 2047 1708 2093 ut
1767 2027 2044 2110 potuerit

150 2161 324 2225 hinc
386 2157 564 2223 facile
628 2154 1048 2238 posteriorum
1117 2149 1684 2234 philosophorum,
1769 2160 1837 2208 ut
1890 2143 2046 2209 Por·

36 2330 43 2337 .
153 2275 431 2361 phyrii‚
475 2272 857 2359 Jamblichi‚
910 2270 1249 2347 similium,
1310 2270 1435 2331 imo
1489 2263 1935 2329 monachorum
1975 2272 2038 2323 et
2099 2256 2108 2263 ’

151 2394 681 2460 anachoretarum
761 2388 1086 2470 disciplina
1157 2384 1483 2449 exsistere.
1618 2376 1848 2443 Statuit
1911 2374 2037 2441 illic

156 2512 329 2577 adeo
355 2557 377 2590 ‚
410 2510 601 2575 vitam
651 2505 1019 2590 philosophi
1064 2509 1316 2573 θανατοῦ
1338 2501 1638 2583 mamm,
1681 2496 1897 2559 mortis
1917 2511 2041 2555 me-

153 2627 587 2706 ditationem,
669 2623 802 2690 sive
828 2670 851 2702 ‚
933 2622 1008 2687 ad
1083 2618 1466 2684 moriendum
1546 2609 2040 2676 exercitationem

162 2744 485 2827 quandam
532 2760 693 2808 esse.
785 2739 926 2804 Hoc
975 2752 1175 2801 autem
1239 2733 1469 2815 placito
1522 2729 1676 2811 quid
1724 2744 1860 2792 esse
1913 2722 2041 2789 effi·

156 2862 384 2928 cacius
434 2861 510 2925 ad
560 2859 799 2923 tristem
862 2856 1022 2920 iliam
1076 2852 1452 2918 excitandam
1518 2844 1894 2923 homineque
1945 2840 2041 2904 in·-

162 2979 423 3063 dignam
487 2977 564 3043 de
633 2969 1017 3040 abstinentia
1077 2968 1420 3032 doctrinam
1483 2959 1747 3046 potuit?
1868 2956 2035 3034 Sed,

170 3117 307 3179 quo
352 3115 485 3160 rem
528 3092 759 3158 rectius
802 3087 1258 3173 dijudicemuS,
1316 3082 1453 3163 ipsa
1498 3080 1647 3144 haec
1704 3073 2044 3139 Phaed0m'5

168 3217 308 3281 loca
346 3229 412 3281 et
452 3215 727 3295 legamus
764 3223 829 3273 et
869 3221 1033 3271 recte
1079 3197 1470 3283 interpretari
1503 3211 1828 3262 conemur.

604 3412 718 3478 De
770 3409 1130 3497 germani
1184 3401 1619 3492 philosophi

1013 3527 1207 3593 vita.

260 3741 569 3807 Placitum
624 3736 931 3803 continuo
980 3735 1042 3799 in
1089 3734 1211 3798 hoc
1255 3730 1502 3809 dialogo
1542 3719 1786 3808 profert
1827 3720 2044 3784 Socra·

178 3868 321 3939 tes,
380 3856 556 3941 quod
612 3873 673 3920 et
728 3852 1030 3931 caeteris,
1090 3850 1198 3931 qui
1252 3848 1316 3913 in
1372 3862 1614 3910 carcere
1665 3841 1932 3921 adsunt,
1977 3851 2040 3903 et

1877 3956 2041 4022 Sim·-

254 4056 339 4129 (ι)
379 4055 511 4111 Vol.
550 4056 601 4111 1.
641 4072 703 4122 p.
722 4054 791 4107 80
814 4069 936 4122 sqq.
1134 4120 1143 4131 ὓ

1085 4148 1147 4216 0
