2792 5167
1441 483 1813 545 ...108—

703 661 842 743 bin,
884 674 1126 745 praeter
1166 660 1464 725 rationem
1504 678 1574 725 ac
1616 660 2026 742 cupiditates,
2070 658 2342 724 tertium
2387 658 2590 740 quid,

708 778 882 860 quod
924 784 1100 860 θυμὸς
1132 778 1457 842 dicendum
1494 793 1628 857 est,
1670 777 1941 844 videtur.
2034 776 2178 842 Hoc
2221 795 2398 841 vero
2437 778 2587 859 quid

702 909 798 960 est
849 908 911 960 et
964 895 1477 974 quemadmodum
1525 908 1622 959 est
1676 892 1752 958 ab
1815 893 1938 958 iuis
1998 895 2581 974 distinguendum?

704 1011 901 1108 Apud
960 1029 1078 1077 nos
1136 1009 1266 1075 fere
1324 1011 1434 1091 qui
1479 1010 1738 1076 ethicam
1783 1010 2079 1089 tradunt,
2124 1011 2382 1091 requiri
2434 1012 2584 1090 quid

703 1145 946 1212 praeter
985 1129 1112 1194 duo
1154 1128 1301 1205 iila,
1344 1125 1584 1192 vident.
1691 1126 2041 1192 Memorare
2099 1125 2313 1206 igitur
2375 1126 2587 1192 volun-

705 1251 861 1311 tatis
903 1229 1223 1326 quandam⁸
1251 1244 1375 1308 vim
1427 1240 1905 1323 facultatemque
1947 1243 2177 1309 solent.
2290 1244 2447 1308 Nec
2493 1263 2584 1306 sa·

703 1384 784 1431 ne
835 1381 1091 1428 temere:
1140 1379 1277 1425 nam
1329 1360 1582 1424 tertium
1623 1359 1745 1424 inis
1804 1361 2087 1440 accedat,
2135 1378 2417 1428 necesse
2461 1377 2577 1425 est.

704 1480 854 1565 Quo
904 1479 1095 1562 magis
1156 1497 1382 1562 operae
1440 1480 1706 1562 pretium
1770 1497 1908 1561 est,
1975 1482 2088 1546 hac
2151 1471 2298 1565 ipsa
2365 1484 2454 1548 de
2513 1500 2580 1547 rc

701 1599 1015 1661 Socratem
1074 1615 1223 1661 cum
1272 1595 1772 1662 adolescentibus
1817 1596 1940 1663 illis
1979 1597 2421 1679 disputantem
2469 1617 2580 1663 au·

696 1713 845 1776 dire.
940 1712 1165 1778 Narrat
1218 1713 1576 1793 contium,
1622 1717 1795 1796 quod
1833 1715 1909 1780 de
1943 1713 2258 1797 Leontio,
2304 1718 2580 1800 Aglaio-

692 1828 791 1891 nis
836 1817 1011 1905 filio,
1078 1845 1398 1913 acceperat
1438 1833 1806 1913 aliquando:
1892 1833 2060 1897 hunc
2113 1852 2149 1899 c
2208 1834 2422 1900 Piraeo
2501 1833 2574 1898 in

700 1947 913 2008 urbem
964 1948 1511 2043 progredientem,
1582 1968 1779 2030 quum
1832 1951 2125 2014 cadavera
2171 1949 2570 2016 animadver-

698 2078 855 2126 teret
900 2062 964 2127 in
1003 2065 1212 2129 cloaca
1253 2064 1505 2145 publica
1540 2040 1846 2149 jacentia,
1889 2067 2074 2130 simul
2119 2081 2180 2131 et
2209 2063 2433 2132 videre
2467 2068 2563 2132 iila

691 2180 1014 2261 cupivisse
1054 2197 1117 2246 et
1148 2181 1552 2248 abhorruisse
1600 2201 1795 2263 seque
1827 2182 2173 2249 avertisset
2215 2200 2281 2248 et
2318 2184 2556 2251 dudum

695 2298 945 2376 quidem
1012 2299 1095 2363 ita
1148 2318 1357 2364 secum
1418 2300 1621 2396 ipsum
1677 2309 1986 2381 pugnasse
2035 2302 2417 2382 vultumque
2477 2317 2559 2363 te-

699 2419 914 2495 xisse,
963 2433 1319 2492 superatum
1376 2435 1527 2481 vero
1587 2417 1826 2481 tandem
1888 2417 2267 2497 cupiditate,
2333 2421 2419 2483 ad
2465 2413 2557 2481 ca·

696 2533 919 2596 davera
968 2534 1222 2596 intentis
1281 2534 1482 2597 oculis
1550 2533 1936 2611 accurrisse,
1979 2533 2327 2598 dicentem:
2423 2550 2554 2598 ecce

694 2649 817 2730 jam
850 2648 1078 2728 vobis,
1125 2649 1370 2727 miseri,
1413 2651 1780 2716 desiderium
1815 2664 2087 2714 vestrum
2122 2650 2346 2731 pulcro
2383 2668 2555 2732 spec·

697 2767 905 2830 taculo
948 2766 1237 2846 explete!
1345 2769 1540 2854 Quod
1584 2767 1691 2831 ubi
1734 2767 2000 2831 narravit
2048 2765 2385 2847 SocrateS,
2442 2783 2556 2829 tes-

695 2895 861 2945 tatur
915 2882 1029 2960 id,
1091 2882 1345 2962 inquit,
1418 2883 1563 2948 iram
1611 2882 1880 2948 subinde
1930 2900 2201 2965 pugnare
2253 2900 2402 2946 cum
2454 2900 2553 2944 cu·

691 2995 1105 3076 piditatibus‚
1150 2999 1328 3078 quasi
1379 3000 1527 3064 haec
1574 3019 1609 3063 a
1663 3019 1735 3065 se
1783 2998 2046 3063 invicem
2097 2997 2342 3064 diversa
2411 2999 2552 3066 sint.

696 3109 863 3176 Tum
923 3127 1163 3193 pergit:
1268 3130 1477 3180 nonne
1532 3131 1593 3179 et
1649 3114 1796 3180 alibi
1847 3114 2070 3179 crebro
2129 3115 2551 3180 animadverti·

698 3246 877 3308 mus,
923 3227 1031 3293 ubi
1074 3229 1197 3294 vim
1246 3226 1527 3295 inferunt
1572 3231 1758 3296 alicui
1812 3245 2055 3315 praeter
2106 3202 2408 3297 rationem
2455 3249 2555 3294 cu·

698 3345 1026 3428 piditates,
1070 3348 1399 3433 obJurgare
1465 3349 1672 3432 ipsum
1739 3367 1877 3413 sese
1936 3362 1999 3412 et
2061 3348 2359 3413 adversus
2430 3366 2550 3413 eam

697 3461 797 3527 sui
841 3479 1125 3546 partem,
1172 3483 1329 3545 quae
1389 3465 1513 3528 vim
1566 3462 1792 3542 infert,
1842 3464 2189 3550 indignari,
2231 3481 2334 3544 et,
2384 3465 2550 3546 quasi

698 3580 950 3645 duobus
1020 3579 1577 3659 dissentientibus,
1677 3581 2034 3665 adjutricem
2102 3581 2328 3645 rationi
2409 3583 2551 3647 iram

698 3693 1114 3764 succurrere?
1157 3699 1392 3792 ratione
1437 3712 1639 3766 autem
1689 3699 2026 3779 imperante
2063 3715 2198 3762 non
2246 3717 2385 3764 esse
2431 3698 2549 3764 sibi

694 3813 1283 3894 contradicendum,
1328 3814 1474 3879 iram
1517 3813 1964 3898 cupiditatibus
1998 3817 2394 3900 conjunctam
2437 3815 2554 3878 ob-

698 3928 916 3992 sistere
960 3927 1084 4006 illi,
1129 3930 1395 3993 arbitror
1442 3947 1502 3994 te
1543 3949 1857 4011 nunquam
1915 3932 2012 3995 vel
2059 3931 2122 3996 in
2165 3946 2232 3998 te
2271 3933 2416 4016 ipso
2451 3935 2552 3997 vel

698 4044 764 4107 in
826 4046 947 4108 alio
996 4046 1401 4127 persensisse.
1449 4085 1536 4102 —-
1621 4047 1959 4130 Nunquam
2018 4066 2125 4130 per
2165 4047 2413 4131 Jovem.
2458 4086 2552 4102 —

2387 4165 2561 4250 Quid
