2792 5167
1475 409 1822 472 ...80—

697 582 844 651 fert.
905 582 1030 649 Sed
1080 583 1368 652 Socrates
1417 590 1586 672 apud
1627 590 1948 656 Platonem
1989 591 2081 668 sic
2120 591 2438 677 disputat,
2483 606 2551 658 ut

681 701 1127 793 philosophum-
1157 701 1344 768 nobis
1413 704 1625 771 audire
1645 751 1669 786 ‚
1732 723 1862 771 non
1922 710 2303 776 sacerdotem
2354 707 2556 774 videa-

695 839 860 887 mur.
922 819 1245 902 Supplicia
1298 837 1642 905 memorat,
1706 823 1943 905 quibus
1990 841 2382 891 mortuorum
2438 822 2559 891 affi-

694 937 947 1003 ciuntur
981 936 1214 1018 animi3
1263 939 1378 1005 sed
1418 942 1643 1006 malum
1701 941 1887 1007 habet
1932 941 2411 1026 gravissimum,
2454 961 2562 1008 cu·

690 1055 795 1141 jus
860 1054 1047 1119 animi
1113 1055 1364 1122 sibimet
1433 1056 1557 1142 ipsi
1615 1073 1901 1124 auctores
1957 1075 2106 1125 sunt
2127 1107 2152 1140 ‚
2210 1059 2370 1127 falsa
2425 1058 2566 1145 opi·

694 1172 867 1254 nari,
928 1191 1076 1240 vera
1127 1173 1467 1256 'ignoraret
1534 1174 1627 1241 sic
1690 1175 1853 1241 enim
1903 1195 2012 1241 eos
2072 1175 2227 1258 quid
2276 1196 2423 1244 vere
2480 1176 2567 1243 sit

692 1293 981 1376 pulcrum
1004 1338 1027 1371 ‚
1085 1310 1233 1358 vere
1289 1293 1374 1358 sit
1424 1292 1663 1360 bonum
1709 1309 1772 1360 et
1819 1295 2101 1380 iustum,
2139 1312 2270 1359 non
2306 1293 2519 1360 videre
2539 1340 2565 1377 ,

691 1429 888 1494 prava
941 1429 1093 1474 vero
1155 1410 1453 1494 persequi
1536 1410 1748 1495 specie
1819 1411 2165 1496 deceptos,
2243 1411 2447 1494 iisque
2495 1430 2570 1478 se

695 1528 953 1594 reddere
986 1527 1281 1594 ’similest
1331 1547 1492 1610 quae
1526 1529 1788 1595 maxima
1842 1543 1939 1594 est
1972 1547 2199 1613 poena.
2242 1527 2305 1572 <¹³
2391 1528 2572 1596 Con-

696 1643 980 1711 taminari
1019 1643 1173 1708 dicit
1235 1643 1512 1709 animum
1569 1644 1783 1728 pravis
1829 1642 2203 1713 libidinibus
2226 1689 2250 1723 ‚
2304 1658 2377 1709 ut
2435 1662 2575 1709 mo-

694 1780 833 1826 rum
906 1741 1225 1824 censores‘
1271 1759 1445 1828 omni
1511 1773 1794 1842 tempore
1857 1760 2388 1842 pronunciatum:
2460 1761 2576 1828 secl

695 1875 1023 1961 subJ'ungit
1065 1875 1269 1956 idem,
1315 1874 1415 1942 his
1456 1875 1725 1943 animum
1777 1876 2066 1962 impediri
2115 1877 2520 1962 potissimum
2546 1925 2573 1961 ,

697 1992 1039 2078 quominus
1102 2012 1312 2058 veram
1361 2007 1574 2060 cernat
1618 1992 1916 2060 virtutem
1938 2042 1963 2076 ‚
2008 2013 2204 2093 seque
2238 1994 2446 2079 ipsum
2495 1997 2581 2062 ad

697 2113 833 2198 eJus
899 2111 1250 2194 exemplum
1334 2112 1640 2178 emendet.
1747 2113 1848 2179 De
1920 2112 2205 2178 moribus
2286 2113 2579 2196 loquitur

698 2242 763 2293 et
809 2228 939 2294 vita
997 2226 1155 2292 bene
1210 2224 1637 2305 instituenda,
1683 2227 1795 2291 sed
1848 2226 2137 2292 hortatur
2189 2226 2254 2291 in
2301 2228 2528 2310 primis
2550 2276 2579 2311 ,

696 2359 772 2411 ut
818 2363 1031 2410 verum
1093 2344 1454 2410 studeamus
1513 2360 1931 2424 cognoscere:
1979 2343 2102 2409 hoc
2143 2344 2305 2412 enim
2356 2348 2588 2432 cogni·

697 2478 807 2545 t0‚
870 2476 1097 2544 sponte
1148 2477 1268 2526 nos
1317 2461 1528 2526 videre
1582 2459 1739 2542 quid
1793 2462 2204 2546 expetendum
2254 2462 2375 2543 sit,
2422 2463 2589 2547 quid

694 2576 1087 2660 fugiendum.
1212 2575 1325 2640 Illa
1395 2575 1828 2642 sacerdotibus
1852 2625 1875 2658 ,
1938 2577 2090 2642 haec
2168 2577 2587 2661 philosophis

696 2710 847 2762 sunt
880 2691 1159 2779 propria.
1250 2692 1418 2760 Nam
1474 2692 1830 2788 sacerdotes
1879 2713 1988 2760 eos
2024 2713 2249 2761 vocare
2287 2693 2592 2779 impuros

610 2833 621 2841 ·
698 2814 1023 2893 solebant,
1082 2810 1195 2896 qui
1246 2811 1381 2878 sitis
1418 2811 1773 2895 praeceptis
1813 2810 1982 2878 haud
2032 2811 2584 2897 obtemperarent:

697 2931 1165 3016 praecipiebant
1200 2913 1405 2997 autem
1446 2950 1559 3011 ea,
1606 2949 1766 3014 quae
1803 2931 2106 2998 divinitus
2146 2930 2595 2998 existimaban-

694 3063 805 3113 tur
858 3068 1003 3112 vera
1049 3064 1111 3112 et
1156 3051 1368 3132 justa:
1432 3049 1545 3111 sed
1577 3048 2020 3130 philosophiae
2072 3064 2168 3113 est
2206 3052 2592 3135 inquirere,

702 3162 859 3246 quid
889 3183 1103 3227 verum
1154 3163 1278 3243 sit,
1319 3162 1475 3245 quid
1508 3164 1796 3245 justum,
1840 3182 1954 3230 nec
1997 3165 2344 3246 quidquam
2392 3167 2600 3234 babet

698 3276 1021 3358 antiquius
1057 3326 1080 3358 ‚
1160 3299 1346 3360 quam
1432 3280 1786 3362 inquirendi
1875 3281 2136 3363 verique
2204 3285 2602 3362 assequendi

699 3414 1093 3462 summovere
1139 3394 1602 3479 impedimenta.
1693 3398 1857 3463 Sunt
1908 3415 2112 3462 autem
2171 3395 2275 3460 illa
2331 3395 2398 3460 in
2449 3400 2603 3480 pri-

699 3514 820 3580 mis
890 3531 1113 3580 sensus
1136 3560 1159 3593 ‚
1234 3514 1642 3596 voluptates,
1700 3514 1995 3594 dolores,
2062 3512 2346 3580 timores.
2455 3515 2600 3584 His

699 3631 959 3699 remotis
983 3678 1007 3714 ‚
1052 3607 1293 3695 animus
1348 3630 1415 3694 in
1473 3649 1647 3697 suam
1704 3650 1775 3697 se
1834 3630 2114 3698 vindicat
2180 3631 2536 3698 libertatem
2565 3681 2598 3714 ‚

2484 3753 2598 3822 ul-

725 3993 735 4004 ·
771 3925 871 4003 (ι)
905 3928 1128 3983 Thenet.
1168 3930 1264 4000 176
1301 3927 1374 3982 D.
