2792 5167
1047 500 1447 566 -14‚..

291 659 413 727 sed
463 676 634 742 nos,
693 673 772 728 nc
820 660 887 728 in
953 657 1103 746 ipso
1144 660 1486 749 judicando
1539 662 1744 746 iniqui
1799 664 2035 752 simus,
2107 665 2176 734 id

282 774 689 843 muamus
750 776 1118 863 diligenter,
1176 780 1500 865 praeclaro
1554 781 1820 848 eundem
1874 784 2164 868 proposi-

278 902 357 958 to
432 891 587 959 haec
658 911 822 960 nova
898 892 1104 963 fuisse
1177 896 1523 980 molitum,
1586 915 1704 964 nec
1742 916 1897 966 vero
1943 897 2156 966 fmctu

273 1010 421 1096 ejus
494 1010 703 1078 studia
766 1012 1067 1081 caruisse.
1176 1014 1479 1081 Diximus
1542 1014 1628 1082 de
1679 1014 1949 1081 Luciani
1998 1015 2154 1083 alio-

258 1143 546 1210 rumque
593 1127 982 1197 Graecorum
1005 1177 1030 1212 ,
1073 1145 1207 1198 tum
1266 1132 1452 1200 etiam
1495 1133 1577 1201 de
1636 1132 1974 1202 Ciceronis
2021 1133 2152 1202 dia-

254 1243 473 1331 logis,
520 1259 640 1327 ut,
704 1246 999 1315 instituta
1054 1248 1524 1332 comparatione
1547 1295 1573 1331 ,
1615 1248 1803 1316 dotes
1853 1248 2149 1317 virtutes-

251 1379 392 1446 que
447 1361 739 1430 Platonis
793 1381 1330 1448 cognoscerentur
1404 1365 1780 1432 accuratius.
1881 1363 1960 1432 In
2014 1384 2144 1452 qua

247 1478 721 1562 disquisitione
777 1479 1030 1547 illorum
1116 1478 1263 1548 item
1321 1469 1510 1549 dotes
1580 1481 1981 1567 virtutesque
2027 1500 2140 1551 ex-

244 1595 685 1683 ploravimus.
795 1595 1045 1684 Quodsi
1102 1615 1223 1664 nos
1260 1645 1287 1680 ,
1367 1597 1464 1664 sic
1541 1596 1836 1683 exposita
1903 1597 2138 1684 dialogi

242 1712 577 1784 Platonici
612 1719 833 1783 natura
857 1761 886 1797 ,
927 1734 1118 1799 porro
1155 1716 1423 1784 velimus
1470 1733 1767 1799 quaerere
1786 1763 1813 1798 ,
1854 1714 2014 1800 quid
2035 1714 2130 1782 ini

237 1834 327 1901 ad
366 1832 745 1899 scribendos
784 1830 1330 1918 dialogos-Platoni
1375 1830 1746 1914 debuerint,
1790 1831 1958 1899 haud
1985 1830 2126 1899 fru-

235 1959 371 2016 srra
395 1967 558 2016 sane
582 1947 759 2016 hicce
789 1965 956 2015 nova
988 1943 1091 2019 iila
1108 1948 1442 2017 scribendo
1479 1950 1741 2018 molitus
1775 1949 2114 2019 videbitur.

234 2114 289 2150 ,‚
332 2067 669 2135 Credibile
720 2081 816 2133 est
840 2111 867 2147 ,
906 2065 998 2133 ait
1068 2066 1651 2152 Wyttenbachius,
1711 2069 1838 2154 iam
1903 2066 2110 2154 ipsius

224 2183 523 2252 Platonis
580 2197 780 2252 aetate
834 2181 1170 2252 lectionem
1207 2184 1520 2252 librorum
1569 2187 1709 2271 ejus
1748 2183 2111 2271 frequenta-

223 2317 353 2371 tam
416 2302 695 2369 multum
750 2299 1024 2365 valuisse
1075 2297 1154 2363 ad
1181 2300 1667 2370 conversionem
1705 2300 1939 2367 veteris
1993 2320 2109 2367 co·

222 2419 564 2499 moediae,
647 2430 723 2482 ut
779 2416 873 2481 sal
947 2391 1200 2482 Atticus
1221 2460 1246 2496 ,
1325 2432 1519 2497 quem
1588 2414 1852 2501 Eupolis
1920 2430 2115 2502 atquo

222 2537 549 2606 Gratiam
571 2532 1140 2620 Aristophanesque
1146 2535 1367 2619 poetae
1392 2578 1417 2612 ,
1441 2570 1532 2584 —-
1545 2530 1762 2617 ‘Atque
1778 2532 1898 2598 alii
1910 2578 1937 2615 ,
1959 2554 2114 2619 quo·

217 2674 376 2720 rum
418 2647 734 2719 comoedIa
775 2651 989 2737 prisca
1036 2650 1325 2716 virorum
1348 2663 1440 2715 est
1459 2694 1484 2729 ,
1531 2683 1625 2701 —-
1661 2650 1928 2716 muitum
1967 2651 2110 2735 qui-

220 2773 375 2838 dem
441 2782 507 2835 et
562 2783 809 2848 acrem,
877 2764 990 2830 sed
1044 2763 1263 2831 acerba
1312 2765 1630 2833 suffusum
1693 2765 1865 2849 bile,
1928 2785 2112 2854 gere-¹

222 2889 432 2969 bant,
520 2881 823 2968 paulatim
900 2900 1017 2968 per
1085 2881 1321 2950 mediae
1401 2887 1622 2968 poetas
1696 2885 2105 2970 comoediae,

214 3020 361 3071 tum
419 3020 630 3069 novae
688 2998 754 3066 in
812 2998 1032 3084 primis
1087 2999 1552 3084 Menandrum,
1596 3002 1672 3070 ab
1711 3004 1809 3072 his
1850 3003 2100 3074 labibus

214 3134 601 3210 purgaretur
622 3167 649 3201 ,
714 3133 781 3185 et
832 3121 910 3185 ad
968 3137 1313 3204 germanam
1374 3119 1647 3187 Atticam
1684 3118 2091 3192 festivitatem

216 3239 718 3326 elegantiamque
795 3234 1255 3320 redigeretur.”
1318 3231 1382 3279 ‘⁸³
1490 3238 1765 3306 Constat
1830 3256 2038 3308 autem
2064 3286 2092 3321 ,

216 3357 502 3423 colorem
549 3354 628 3420 ab
674 3372 753 3420 eo
809 3351 1117 3431 duxisse,
1183 3367 1508 3437 quotquot
1565 3368 1718 3438 post
1768 3371 1912 3420 eum
1961 3354 2096 3421 dia-

218 3475 411 3558 logos
473 3469 904 3553 scripserunt,
967 3469 1367 3536 Plutarchum
1421 3468 1808 3552 praecipue,
1885 3468 2096 3544 Plato-

215 3589 324 3657 nis
373 3586 900 3667 amantissimum,
949 3585 1158 3669 ipsum
1200 3587 1350 3653 item
1393 3582 1745 3660 Lucianum
1791 3583 1858 3652 in
1892 3583 2093 3670 scrip·

214 3709 305 3778 tis
362 3703 734 3789 quibusdam
760 3749 785 3786 ,
827 3716 960 3772 tum
995 3720 1151 3770 vero
1201 3701 1571 3771 Ciceronem
1597 3747 1623 3782 ,
1668 3700 1778 3784 qui
1802 3735 1827 3784 ,
1871 3721 2088 3787 quam-

210 3824 321 3896 vis
376 3838 456 3891 se
502 3820 773 3890 scribere
822 3817 1211 3890 Aristoteleo
1263 3835 1441 3888 more
1499 3818 1730 3888 diceret
1747 3863 1772 3904 ‚
1817 3837 2085 3906 quanto·-

1968 3955 2083 4023 1²0-

277 4077 364 4149 (ι)
406 4075 586 4149 Epist.
631 4071 792 4145 Spcc.
834 4090 957 4132 nco
994 4089 1197 4145 praem.
1230 4091 1287 4146 Ρ.
1325 4069 1546 4141 xmv.
1609 4109 1624 4120 .
