2792 5167
1478 509 1784 573 ..5-

707 703 862 767 quae
902 685 1223 766 attulerit,
1263 700 1413 752 vera
1451 686 1575 752 sint
1634 685 1822 753 simul
1864 701 1928 752 et
1974 686 2341 754 mortalibus
2386 690 2558 754 salu·

707 801 880 867 tatia.
965 801 1135 884 Sed,
1175 802 1323 868 dum
1363 790 1597 869 frustra
1634 814 2058 886 exspectamus
2090 804 2267 870 talem
2309 805 2554 870 scilicet

710 918 1208 1003 philosophum,
1249 918 1446 985 nolim
1500 920 1600 985 vel
1648 921 1851 1004 jmare
1906 918 1972 983 in
2028 918 2218 986 unius
2271 919 2561 1003 philoso-

715 1037 826 1120 phi
869 1036 1095 1118 verba,
1135 1039 1277 1116 vel,
1322 1037 1605 1119 eligendo
1644 1055 1681 1101 e
1720 1035 2024 1121 singulis,
2066 1035 2393 1117 universa,
2433 1037 2556 1103 sic·

721 1153 814 1218 uti
869 1152 983 1234 iit,
1025 1153 1449 1221 commiscere.
1550 1153 2012 1221 commiserunt
2062 1154 2126 1220 ld
2182 1153 2357 1220 omni
2403 1172 2552 1221 aevo

717 1269 1026 1350 eclecticl‚
1079 1269 1190 1353 qui
1245 1268 1503 1337 fuerunt
1544 1269 1675 1337 fere
1718 1270 1902 1338 iidem
1952 1270 2362 1354 appellatique
2404 1286 2559 1338 sunt

719 1390 1168 1469 synt-retinui.-
1247 1405 1455 1470 eoque
1504 1387 1662 1452 nihil
1710 1406 1999 1471 umquam
2044 1387 2125 1454 ad
2172 1384 2564 1453 confunden-

721 1504 857 1569 dam
913 1503 1483 1588 obscurandamque
1542 1502 1999 1590 philosophiam
2051 1503 2276 1570 evaluit
2335 1503 2557 1588 magis.

721 1621 1016 1704 Persequi
1049 1622 1250 1689 malim
1291 1636 1354 1687 et
1396 1620 1731 1706 perficere,
1774 1621 2076 1707 quidouid
2118 1636 2321 1704 patres
2356 1620 2561 1687 nostri

721 1737 802 1805 ad
856 1756 1059 1803 veram
1110 1740 1563 1822 provehendam
1619 1738 2049 1823 philosophiae
2096 1739 2415 1806 utilitatem
2468 1738 2566 1804 in-

721 1857 1061 1937 choarunt,
1102 1855 1255 1923 illud
1285 1876 1435 1923 vero
1476 1876 1653 1941 agere
1690 1857 2132 1941 potissimum,
2172 1858 2343 1939 quod
2377 1854 2568 1922 nohis

725 1975 1148 2040 commendare
1199 1972 1378 2040 etiam
1426 1987 1614 2056 atque
1654 1976 1835 2042 etiam
1892 1973 2207 2053 solebant,
2250 1986 2321 2038 ut
2366 1972 2567 2037 nullis

727 2104 857 2153 non
909 2088 1134 2154 studiis
1183 2087 1422 2155 nostris
1468 2092 1733 2156 crin‘cac
1747 2137 1773 2173 ‚
1815 2106 2120 2173 tamquam
2168 2088 2301 2155 veri
2338 2087 2573 2154 obrus-

733 2223 877 2284 sae,
941 2204 1340 2273 adhibeamus
1397 2205 1798 2291 diligentiam.
1928 2207 2032 2275 Sic
2087 2208 2376 2289 demum,
2437 2225 2568 2290 quo

735 2321 928 2405 magis
975 2322 1272 2405 prodesse
1317 2321 1814 2406 philosophando
1862 2323 2068 2408 generi
2107 2322 2375 2389 humano
2424 2340 2569 2405 pos-

736 2438 968 2519 simus,
1058 2440 1357 2522 proficere
1412 2458 1490 2506 ex
1544 2456 1884 2523 temporum
1958 2437 2256 2505 memoria
2310 2452 2378 2505 et
2436 2454 2569 2503 esse

735 2572 886 2619 vero
923 2555 1174 2621 nomine
1225 2556 1493 2622 eclaetict
1542 2554 1905 2640 poterimus.
2027 2554 2103 2621 Id
2146 2572 2329 2638 agere
2363 2571 2570 2638 perse-

735 2683 948 2733 verant
1005 2669 1314 2751 hodieque
1378 2670 1495 2736 rari
1555 2669 1687 2751 illi,
1767 2687 1928 2752 quos
2000 2646 2378 2752 significavi,
2458 2670 2568 2735 sed

736 2786 1006 2866 germani
1080 2785 1483 2869 philosophi,
1577 2804 1738 2869 quos
1811 2786 1876 2851 in
1956 2784 2168 2869 primis
2231 2784 2565 2851 audiendos

733 2916 945 2983 putem
970 2946 996 2982 ,
1055 2917 1374 2985 aguntque
1426 2902 1751 2969 maximam
1817 2916 2046 2986 partem
2097 2901 2364 2983 eruditi,
2420 2900 2567 2983 qui,

733 3016 1020 3097 quamvis
1071 3017 1234 3083 haud
1289 3019 1677 3101 appellentur
1723 3018 2124 3102 philosophi,
2196 3017 2573 3103 philosophi

736 3132 971 3199 ratione
1025 3132 1230 3200 literas
1283 3150 1347 3200 et
1399 3154 1571 3200 suam
1633 3136 1870 3219 quique
1920 3136 2256 3202 doctrinam
2313 3150 2575 3201 tractant

736 3251 1176 3332 excoluntque.
1313 3251 1560 3337 Quodsi
1608 3251 1769 3318 viam
1820 3270 2219 3336 normamque
2272 3250 2575 3317 desidera·

737 3385 922 3447 mus,
985 3386 1147 3450 qua,
1209 3368 1274 3433 in
1325 3368 1760 3455 philosophiae
1807 3368 2061 3451 studio,
2144 3369 2222 3435 ad
2266 3386 2430 3437 nova
2484 3365 2579 3434 in·

739 3482 1032 3549 venienda
1056 3530 1080 3565 ,
1138 3504 1298 3566 quae
1355 3501 1639 3568 expetere
1687 3487 2074 3552 vehementer
2130 3484 2413 3552 homines
2472 3506 2576 3552 so-

739 3602 903 3680 lent,
963 3602 1363 3683 procedamus
1418 3618 1626 3684 recte‚
1686 3602 1752 3669 id
1799 3602 2078 3670 suadeam
2134 3603 2572 3690 philosophis,

737 3718 911 3795 quod
937 3707 1374 3785 'commendare
1419 3736 1518 3785 me
1555 3722 1619 3787 in
1658 3720 2081 3804 superioribus
2124 3720 2416 3804 memini,
2458 3737 2572 3804 ut,

737 3831 1095 3914 priusquam
1173 3856 1419 3904 manum
1493 3840 1666 3922 operi
1737 3838 2144 3920 admoveant,
2210 3838 2574 3905 erudiendos

736 3968 869 4015 sese
945 3951 1098 4033 ipsis
1197 3954 1633 4040 philosophiae
1710 3956 2110 4040 parentibus,
2197 3954 2433 4022 Socrati
2518 3970 2581 4020 et

735 4068 1010 4151 Platoni,
1067 4070 1349 4140 tradant.
1443 4092 1572 4157 quo
1621 4073 1861 4143 facilius
1903 4074 2294 4157 certiusque,
2340 4072 2406 4141 in
2460 4074 2575 4139 hac
2648 4158 2657 4171 ..

2458 4187 2579 4260 sci
