2792 5167
1378 496 1763 572 —198—

678 674 897 743 iccirco
957 671 1228 738 oratoria
1290 673 1586 753 quaedam
1645 673 1966 758 popularis
1991 676 2026 741 ἰ’
2067 692 2279 741 nonne
2321 674 2532 744 foren-

676 792 765 858 sis
808 791 892 857 sit
949 789 1106 854 adeo
1150 788 1565 868 eloquentia?
1627 792 1730 856 An
1781 809 1932 858 vero
1988 790 2105 857 tibi
2162 791 2329 858 aliud
2375 792 2534 875 quid

668 929 853 995 agere
908 912 972 973 in
1031 905 1404 990 spectaculis
1451 905 1741 976 videntur
1807 907 2073 989 poetae,
2121 927 2308 990 quam
2361 917 2532 994 ῥητο-

669 1025 905 1115 ρεύεηῗ
928 1063 1018 1078 -
1056 1023 1209 1089 Non
1252 1021 1546 1088 aliud.—
1579 1022 1770 1087 Nunc
1807 1021 1997 1107 igitur
2017 1023 2374 1091 invenimus
2405 1043 2533 1090 nos

671 1142 1130 1226 eloquentiam,
1193 1155 1351 1221 quae
1397 1138 1578 1204 talem
1617 1150 1855 1219 spectat
1915 1140 2266 1220 populum,
2315 1138 2524 1220 qualis

672 1261 887 1348 puetis
927 1255 1346 1339 foeminisque
1387 1253 1615 1338 pariter
1654 1272 1722 1336 ac
1765 1253 1921 1318 viris
1944 1301 1968 1335 ,
2010 1267 2073 1319 et
2110 1253 2310 1320 servis
2353 1254 2525 1337 pari-

670 1397 770 1446 ter
820 1396 891 1444 ac
941 1372 1156 1444 liberis
1212 1370 1571 1438 hominibus
1613 1384 1905 1436 constat:
1974 1390 2157 1454 quam
2189 1389 2319 1437 non
2352 1375 2520 1456 mag·

672 1512 909 1581 nopere
951 1491 1357 1558 admit-:murz
1417 1492 1736 1567 κολακικῆν
1791 1491 1913 1572 γὰρ
1955 1492 2141 1566 αὐτὴν
2179 1492 2388 1572 Φαμὲν
2445 1485 2528 1557 εἷ-

675 1643 772 1686 vm
788 1635 811 1679 z
856 1610 1285 1678 adulatoriam
1343 1609 1506 1671 enim
1562 1626 1687 1672 esse
1716 1606 2295 1691 pronunciavimus.
2354 1601 2529 1689 Quid

673 1747 827 1795 vero
871 1726 973 1790 illa
1031 1720 1441 1804 eloquentia,
1489 1737 1654 1800 quae
1697 1719 1772 1783 ad
1817 1721 2128 1801 populum
2180 1718 2532 1786 Athenien-

672 1847 837 1915 sium
886 1856 1294 1921 caeterosque
1343 1837 1411 1902 in
1471 1835 1609 1900 aliis
1649 1834 2012 1903 civitatibus
2063 1837 2342 1920 populos
2365 1881 2390 1916 ,
2435 1834 2533 1900 in·

676 1961 899 2049 gennis
960 1957 1206 2024 civibus
1268 1967 1683 2031 constanteS,
1757 1967 2140 2033 usurpatur,
2207 1952 2359 2032 quid
2408 1969 2529 2015 no-

671 2080 770 2145 bis
838 2078 986 2140 haec
1045 2071 1196 2137 est?
1280 2067 1612 2147 Numquid
1687 2067 1802 2131 tibi
1867 2067 2158 2132 videntur
2238 2079 2520 2133 oratores

669 2193 907 2279 optimo
942 2188 1148 2253 dicere
1205 2181 1537 2267 proposito
1560 2227 1585 2260 ,
1645 2182 1793 2246 illue
1843 2181 2238 2247 intendentes
2279 2181 2519 2263 aciem,

669 2323 742 2375 ut
776 2324 958 2388 quam
989 2297 1214 2385 optimi
1256 2296 1404 2362 fiant
1455 2314 1565 2379 per
1606 2296 1904 2376 ipsorum·
1926 2314 2246 2363 sermones
2286 2298 2459 2364 cives
2482 2299 2520 2364 2

677 2428 782 2496 An
836 2439 988 2488 vero
1045 2417 1114 2482 hi
1174 2415 1320 2480 item
1363 2411 1681 2498 gratificari
1747 2411 1991 2478 civibus
2051 2412 2388 2494 nituntur,
2455 2428 2523 2481 et

677 2540 897 2611 salutis
965 2552 1115 2601 suae
1189 2529 1515 2609 studiosi,
1576 2528 1859 2613 publicae
1927 2528 2313 2614 negligentes
2346 2577 2371 2612 ,
2447 2545 2523 2598 ut

678 2657 897 2749 pneris
946 2663 1212 2720 utuntur
1250 2647 1566 2732 populis‘,
1605 2659 1795 2728 atque
1845 2645 2163 2732 indulgere
2205 2648 2328 2714 illis
2366 2649 2528 2714 dur·

680 2793 844 2847 taxat
907 2788 972 2841 et
1032 2771 1275 2853 placere
1328 2778 1674 2844 conantur3
1713 2776 1931 2862 ptrum
2014 2782 2172 2830 vero
2234 2765 2517 2833 meliores

677 2899 765 2964 ita
807 2911 885 2959 an
919 2887 1260 2955 deteriores
1292 2881 1486 2962 fiant,
1531 2879 1688 2946 nihil
1732 2881 2007 2947 curant?
2049 2882 2289 2948 —Hic
2331 2881 2523 2949 Cam·

668 3015 850 3088 cles,
893 3019 1075 3086 aegre
1133 3001 1281 3063 haec
1331 3014 1797 3077 concessurus,
1861 3015 1994 3064 non
2051 2998 2314 3080 simplex
2357 3012 2515 3079 αῖ,

670 3123 913 3206 inquit,
978 3116 1153 3201 quod
1189 3133 1357 3182 nunc
1402 3131 1625 3195 rogas:
1672 3128 1824 3179 sunt
1876 3114 2088 3197 enim,
2134 3114 2289 3198 qui,
2335 3114 2517 3197 quid.

676 3241 829 3328 quid
870 3237 1087 3304 dicunt
1110 3281 1135 3316 ,
1177 3233 1252 3298 ad
1308 3232 1571 3298 salutem
1615 3229 1852 3313 ,civium
1902 3231 2149 3298 dicunt:
2209 3246 2356 3297 sunt
2410 3249 2521 3298 ve·

672 3383 747 3431 ro
810 3357 988 3428 etiam
1015 3401 1040 3435 ,
1106 3351 1319 3435 quales
1357 3362 1432 3416 tu
1488 3348 1771 3416 narrasti,
1812 3384 1908 3402 -
1948 3348 2112 3414 Tum
2177 3349 2511 3417 Socraten

676 3496 740 3547 at
799 3472 1072 3551 sufficit,
1114 3469 1245 3536 ait:
1286 3486 1425 3532 nam
1467 3465 1522 3532 si
1572 3480 1638 3532 et
1703 3465 1824 3532 hoc
1866 3483 2063 3555 genus
2102 3465 2336 3551 duplex
2375 3480 2516 3549 est,

669 3596 925 3664 ulterius
956 3605 1159 3658 totum
1192 3584 1512 3669 negotium
1549 3581 1834 3650 adulatio
1867 3584 1988 3651 erit
2012 3584 2343 3670 turpisque
2365 3604 2526 3653 con.

667 3711 979 3776 cionatio:
1027 3704 1279 3774 alterius
1326 3721 1479 3768 vero
1535 3720 1634 3767 res
1675 3700 2083 3785 pulcerrinm,
2129 3701 2383 3770 studere
2425 3703 2526 3769 vi·

662 3825 926 3902 delicet,
969 3838 1044 3889 ut
1108 3842 1290 3905 quam
1338 3818 1558 3903 optimi
1597 3816 1793 3886 futuri
1849 3817 1977 3886 sint
2014 3819 2250 3889 civium
2284 3819 2514 3897 animi,

664 3937 1070 4018 certatimque
1120 3938 1355 4021 optima
1389 3936 1634 4016 dicere,
1703 3935 1840 4002 sive
1871 3949 2038 4020 grata
2068 3936 2355 4006 accidunt
2404 3953 2518 4000 au-

667 4056 979 4132 dientibus
1032 4054 1166 4118 sive
1210 4054 1471 4146 ingrata.

616 4183 625 4196 ’
2399 4169 2526 4236 Sed
