2792 5167
954 546 1340 619 ...171—

164 718 412 799 tatis,
455 734 588 785 tum
636 718 797 801 viri,
842 719 1137 787 instituiti
1182 720 1496 803 Principio
1541 735 1759 803 rogat,
1820 719 2078 787 liberam

176 835 532 902 civitatem
574 834 952 920 tyrannicam
999 835 1206 918 dica,
1249 854 1326 902 an
1358 842 1654 905 servam?
1679 874 1766 889 —
1806 836 2079 903 Maxime

184 954 507 1019 omnium
544 972 808 1020 servam.
839 987 932 1006 -
1025 953 1439 1030 Veruntamen
1477 954 1542 1019 in
1581 972 1652 1019 ea
1688 954 1979 1021 dominos
2020 968 2083 1019 et

178 1069 454 1138 liberos
509 1070 962 1136 animadvertis.
1003 1102 1096 1125 ·-
1173 1069 1667 1152 Animadvert03
1716 1070 1824 1137 sed
1863 1070 2077 1151 exigu-

190 1205 335 1251 um
393 1201 487 1251 est
543 1185 748 1251 istud:
815 1185 1167 1251 universum
1217 1204 1368 1251 vero
1423 1186 1488 1250 in
1547 1187 1723 1268 ipsa,
1786 1199 1847 1252 et
1905 1202 2082 1267 prae-

193 1302 673 1369 stantissimum
696 1319 892 1387 genus
911 1348 934 1383 ‚
970 1300 1232 1386 turpiter
1256 1317 1350 1367 est
1374 1317 1440 1366 et
1463 1303 1679 1367 misere
1703 1321 1975 1368 servum.
1991 1336 2082 1352 -

186 1417 473 1505 Quodsi
518 1419 615 1483 vir
655 1418 896 1484 civitati
941 1417 1159 1484 similis
1198 1434 1336 1498 est3
1392 1408 1621 1501 pai-iter
1665 1420 1797 1501 ejus
1838 1418 2076 1483 animus

182 1534 643 1601 illiberalitatis
698 1554 771 1600 ac
811 1533 1131 1599 servitutis
1186 1534 1301 1602 erit
1346 1537 1572 1621 plena,
1639 1554 1706 1601 ac
1759 1533 2078 1615 probabile

193 1664 365 1736 est,
416 1671 518 1718 eas
566 1650 753 1717 animi
810 1665 1018 1738 partes
1076 1650 1140 1716 in
1190 1652 1298 1717 illo
1348 1654 1628 1732 servire,
1691 1670 1847 1734 quae
1906 1668 2079 1733 prae-

188 1766 630 1836 stantissimae
687 1781 878 1848 sunt,
926 1768 1142 1834 exilem
1199 1786 1351 1836 vero
1417 1783 1650 1850 partem
1679 1813 1701 1848 ,
1745 1766 2074 1849 ignavissi-

196 1904 377 1951 mam
421 1902 482 1950 et
524 1884 1087 1965 dementissimam,
1130 1884 1462 1951 dominari.
1502 1923 1591 1939 —
1653 1883 1954 1950 Omnino·
1990 1921 2078 1937 --

198 2000 392 2088 Quid
428 1999 671 2085 igitur?
716 2005 924 2080 δούλην
964 2005 1003 2083 ἢ
1045 2005 1346 2085 ἐλευθέραν
1388 2006 1495 2079 τὴν
1538 2004 1814 2078 τοιαύτην
1855 2004 2071 2085 φήσεις

199 2117 363 2189 εἶναι
423 2122 675 2204 ψυχήνς
741 2138 984 2185 servum
1041 2138 1129 2183 an
1176 2117 1446 2183 liberum
1501 2137 1622 2182 esse
1669 2115 1828 2180 dices
1883 2117 2072 2180 talem

206 2235 552 2302 animum?
593 2270 680 2286 -
755 2234 1041 2298 Servum.
1080 2268 1169 2287 -
1237 2229 1442 2313 Atqui
1487 2248 1663 2294 serva
1701 2244 1764 2294 et
1807 2246 2071 2310 tyranno

203 2348 464 2414 subdita
488 2348 704 2415 civitas
725 2350 1010 2430 minime,
1034 2367 1192 2431 quae
1217 2349 1351 2413 vult
1368 2393 1390 2427 ,
1416 2342 1660 2429 agit.-—
1682 2346 1971 2411 Minime.
1987 2382 2076 2398 —

205 2465 323 2533 Sic
386 2480 584 2531 autem
645 2466 888 2532 animus
944 2465 1305 2548 tyrannicus
1347 2462 1643 2544 minime,
1694 2478 1849 2543 quae
1888 2464 2073 2541 vult,

200 2581 479 2665 efficiet3
523 2587 635 2654 ὑπὸ
671 2586 733 2653 δὲ
766 2582 950 2667 οἶςρου
991 2586 1084 2652 ἀεὶ
1114 2585 1396 2666 ἑλκομένη
1443 2583 1616 2666 314³,-
1646 2589 1920 2664 τοιραχῆς
1959 2583 2062 2649 καὶ

198 2672 622 2784 petr-amasiae
663 2704 820 2782 μεςῆ
866 2701 1023 2771 icat·
1084 2696 1192 2766 scd
1238 2695 1486 2763 stimulo
1527 2713 1762 2783 semper
1795 2700 2073 2783 percitus

194 2814 468 2883 violento
488 2861 512 2893 ‚
567 2814 1046 2902 perturbatione
1107 2816 1612 2901 poenitentiaque
1669 2811 2068 2882 redundabit.

204 2931 362 2997 Huc
400 2931 591 3013 igitur
627 2946 688 2996 et
734 2935 809 2997 ad
840 2947 1075 2996 caetera
1100 2977 1122 3010 ‚
1170 2948 1330 3011 quae
1375 2929 1475 2996 his
1512 2932 1838 3014 conjuncta
1876 2947 2066 3014 sunt,

204 3043 589 3127 respiciens,
650 3063 856 3109 nonne
898 3060 961 3110 et
1005 3043 1309 3109 civitatem
1364 3060 1428 3110 et
1478 3043 1677 3111 virum
1719 3047 1903 3129 longe
1952 3047 2067 3114 mi-

205 3160 464 3227 serrima
506 3181 641 3227 esse
674 3161 1031 3227 conditione
1070 3160 1281 3229 dicls?
1310 3198 1403 3213 —
1444 3162 1604 3227 Dico
1645 3164 1951 3244 equidem.
1979 3162 2061 3232 (¹)

295 3276 458 3342 Hinc
518 3272 707 3360 porro
773 3280 1057 3343 Socrates
1107 3280 1182 3345 de
1238 3278 1673 3359 singulorum,
1736 3298 1897 3359 quos
1960 3278 2067 3344 de·

201 3393 501 3477 scripsit,
570 3395 841 3459 virorum
893 3368 1467 3476 conditione⁰agit,
1530 3393 1927 3474 instituitque
1981 3394 2060 3460 de

204 3509 336 3592 iis,
393 3530 463 3577 ac
529 3511 585 3576 si
642 3511 703 3575 in
766 3511 929 3575 ludis
995 3511 1328 3575 chororum
1388 3508 1644 3593 praemii
1713 3508 2065 3590 reportandi

205 3644 424 3692 caussa
459 3641 920 3693 concertassent
944 3675 966 3706 ,
1013 3629 1287 3692 solemne
1322 3625 1651 3708 judicium.
1713 3626 1849 3707 Age
1872 3671 1894 3704 ‚
1937 3626 2060 3706 ait,

205 3741 574 3822 Adimante‚
615 3745 1126 3825 quemadmodum
1155 3743 1342 3827 judex
1383 3741 1588 3806 omnia
1615 3741 2054 3824 conspicienS‚

206 3858 285 3925 de
310 3860 573 3942 singulis
604 3859 883 3945 judicat,
931 3859 1015 3924 ita
1049 3874 1118 3924 tu
1151 3861 1275 3945 jam
1316 3855 1529 3940 profer
1554 3903 1577 3937 ,
1633 3857 1744 3940 qui
1789 3874 1914 3923 -tuo
1960 3860 2062 3944 ju·

1964 3975 2058 4039 di·

276 4131 355 4202 (ι)
392 4135 480 4186 De
498 4137 642 4206 Rep.
680 4133 783 4188 lx.
825 4133 946 4206 577·
982 4131 1049 4187 B·
1080 4155 1139 4173 -ν
1174 4128 1296 4202 578.
1334 4132 1391 4182 Β.
