2792 5167
1055 517 1395 581 ...37-

291 678 406 746 ubi
469 677 614 761 quis
675 691 918 762 praeter
976 678 1331 766 hujusmodi
1394 680 1639 764 rapinas
1698 681 2087 763 pecuniarum
2117 730 2136 760 ‚

285 797 466 864 cives
510 795 688 862 etiam
745 796 926 879 ipsos
978 797 1043 862 in
1095 797 1454 865 servitutem
1512 797 1634 863 sibi
1684 799 1947 882 redigit,
2008 817 2136 864 non

295 926 422 979 tam
478 911 804 996 probrosis
879 913 1238 979 nominibus
1309 928 1603 993 notatur,
1686 914 1795 979 sed
1863 914 2013 980 felix
2065 933 2135 981 ac

295 1028 548 1093 beatus
577 1028 1006 1111 praedicatur,
1072 1047 1199 1095 non
1255 1049 1288 1095 a
1344 1029 1594 1099 civibus
1659 1031 1790 1095 suis
1851 1045 2132 1110 tantum,

298 1161 513 1209 verum
571 1143 670 1208 ab·
711 1145 1044 1225 omnibus,
1116 1145 1222 1226 qui
1280 1165 1421 1211 eum
1475 1145 1738 1212 audiunt
1798 1146 2133 1228 nequitiam

295 1275 540 1324 ornnem
575 1260 944 1342 explevisse.
983 1322 996 1334 ,
1051 1260 1207 1326 Non
1249 1262 1407 1326 enim
1451 1261 1592 1327 ideo
1651 1261 1999 1345 vituperant
2043 1262 2136 1327 in·

293 1374 641 1459 justitiam,
686 1375 1065 1459 quicumque
1109 1395 1236 1459 esm
1274 1377 1662 1459 vituperant,
1706 1379 1878 1458 quod
1906 1377 2135 1462 injuste

291 1486 539 1573 facere,
605 1491 715 1557 sed
784 1493 958 1574 quod
1024 1493 1261 1575 perpeti
1328 1507 1637 1559 metuunt.
1745 1494 1887 1559 Hoc
1942 1494 2136 1577 igitur

287 1623 522 1692 pacto,
561 1627 603 1673 o
642 1607 967 1689 Socrates,
1012 1608 1317 1696 injustitia
1345 1609 1638 1675 omnibus
1680 1609 1815 1677 suis
1849 1612 2131 1695 partibus

289 1723 617 1805 absoluta,
679 1724 1002 1791 robustius
1066 1724 1357 1807 quiddam
1421 1741 1483 1790 et
1538 1725 1889 1806 liberalius,
1948 1742 2125 1807 quam

283 1837 530 1926 justitirt
562 1853 696 1906 est:
738 1854 936 1923 utque
981 1840 1059 1905 ab
1107 1836 1596 1906 initio'dicebam
1623 1886 1647 1919 ,
1687 1841 1751 1905 id
1805 1841 1975 1922 quod
2016 1860 2133 1923 po·

284 1955 539 2022 tentiori
579 1953 865 2036 confert,
903 1957 1140 2041 justum
1179 1971 1324 2038 est3‘
1359 1957 1658 2041 iniustum
1697 1975 1843 2023 vero
1885 1957 2131 2022 sibimet

291 2070 417 2154 ipsi
459 2072 608 2137 utile
648 2080 840 2137 est‘et
878 2073 1301 2154 proficuum.”
1344 2071 1433 2140 (⁸)

281 2185 290 2193 “
380 2187 458 2253 In
496 2186 598 2253 his
640 2187 1026 2253 sermonibus
1076 2189 1612 2272 Thrasymachum
1667 2191 1840 2256 Plato
1890 2190 1981 2255 sic
2025 2191 2129 2255 de·

294 2302 597 2386 scripsit,
650 2317 764 2382 ut,
817 2322 947 2386 quo
987 2305 1314 2384 audaciae,
1377 2324 1508 2387 quo
1545 2304 1942 2384 temeritatiS,
1998 2324 2126 2387 quo

291 2416 708 2502 impudentiae
746 2418 894 2484 haec
933 2419 1208 2486 doctrina
1251 2419 1531 2485 homines
1567 2417 1822 2497 efferat,
1861 2418 2129 2484 ininius

292 2536 575 2618 exemplo
610 2552 949 2606 cernamus.
1039 2536 1134 2603 Ut
1173 2533 1335 2601 ferae
1374 2540 1503 2602 iste
1554 2536 1748 2602 instar
1797 2536 1861 2600 in
1918 2537 2133 2601 Socra-

291 2666 454 2730 tem,
492 2663 801 2732 tamquam
824 2652 1286 2733 discerpturus,
1325 2651 1544 2731 irruit,
1581 2650 1663 2717 ita
1700 2650 1776 2715 ab
1811 2648 1930 2717 h‘oc
1962 2649 2134 2714 dein·

291 2786 483 2851 ceps»,
540 2781 614 2833 ut
659 2786 961 2849 serpens,
1013 2767 1255 2833 deliniri
1309 2768 1560 2834 dicitur.
1662 2767 1804 2833 Hoc
1848 2767 2000 2833 adeo
2056 2767 2133 2832 de

293 2902 371 2948 eo
414 2899 671 2967 usurpat
706 2884 1031 2960 Socrates,
1068 2901 1232 2948 nunc
1275 2882 1537 2964 primum
1575 2901 1644 2948 se
1684 2883 1912 2948 vidisse
1932 2881 2137 2947 Thra·

293 2998 656 3085 symachum
692 2997 1170 3069 erubescentem.
1255 2999 1682 3083 Quamquam,
1728 2998 1900 3079 quod
1936 2997 2136 3061 homi·

294 3118 397 3186 nis
428 3092 769 3184 doctrinam
809 3114 1066 3195 attinet,
1115 3132 1244 3179 non
1287 3130 1452 3180 caret
1493 3114 1639 3193 illa,
1680 3129 1752 3179 ut
1791 3112 1997 3179 dicere
2010 3114 2131 3196 jam

301 3234 723 3313 instituimus,
767 3229 1203 3315 probabilitate
1245 3250 1313 3296 ac
1362 3228 1919 3295 verisimilitudine.
1985 3228 2136 3293 Pro·

299 3349 524 3415 barunt
557 3366 686 3413 eam
716 3344 954 3429 agendo
990 3344 1336 3429 principes,
1389 3343 1601 3425 paucis
1645 3341 1951 3423 exceptis,
2001 3358 2133 3403 om-

303 3481 460 3542 nes,
531 3475 865 3544 quotquot.
902 3478 999 3525 res
1055 3479 1298 3543 magnas
1358 3460 1559 3524 moliti
1623 3472 1795 3522 sunt.
1901 3454 2131 3540 Quid‘.²

297 3578 478 3662 quod
517 3574 652 3660 ipsa
692 3577 966 3642 omnium
1021 3589 1363 3658 temporum
1417 3573 1708 3657 politica,
1767 3571 2047 3653 quamvis
2096 3590 2133 3635 a

298 3691 700 3778 philosophis
757 3712 792 3757 e
854 3689 1209 3759 melioribus
1268 3690 1591 3775 principiis
1653 3691 2007 3768 duceretur,
2069 3686 2133 3751 in

273 3808 787 3877 administrandis
831 3806 1104 3890 gentium
1146 3807 1376 3888 rebus,
1420 3806 1482 3871 id
1530 3807 1699 3888 quod
1722 3805 1868 3872 utile
1899 3803 2133 3886 magis,

1854 3978 1857 3985 .
1955 3938 2133 4002 quam

229 4142 238 4149 ,
367 4073 451 4143 (ι)
497 4075 758 4146 vsnaep.
793 4072 842 4128 1.
871 4068 990 4129 ³⁴3.
1027 4074 1100 4128 Δ.
1143 4098 1202 4116 -
1233 4070 1364 4130 344.
1394 4072 1461 4127 c.
