2792 5167
971 434 1374 507 *⁵109*

250 584 414 655 Nam
466 588 687 672 juveni
743 589 888 671 quid
935 591 1124 673 magis
1167 591 1572 673 uberiusque
1613 591 1861 675 prosit,
1928 610 2103 674 qum

249 717 496 773 amator
529 705 735 771 bonus
760 752 784 788 ,
825 706 920 770 vel
957 708 1207 773 amatori
1229 755 1254 788 ,
1301 726 1497 790 quam
1539 707 1750 773 bonus
1794 707 2111 789 amasius,

255 819 548 902 equidem
596 838 728 887 non
796 823 1051 906 reperio.
1135 825 1334 911 Quod
1403 824 1573 891 enim
1612 825 1863 891 ‘ducere
1918 825 2114 890 debet

251 937 542 1007 homines
593 958 706 1023 per
753 953 940 1006 totam
991 941 1219 1024 vitam,
1288 958 1617 1026 quotquot
1667 942 1919 1025 quidem
1988 943 2109 1008 ho·

251 1072 430 1122 neste
484 1073 634 1123 sunt
691 1058 956 1140 victuri,
1021 1060 1173 1128 illud
1222 1079 1336 1126 nec
1396 1052 1598 1143 getius
1651 1079 1767 1126 nec
1824 1061 2103 1126 honores

245 1190 363 1238 nec
408 1174 657 1241 divitiae
715 1194 832 1242 nee
912 1175 1034 1244 alia
1090 1180 1572 1259 qualiacumque
1645 1160 1772 1243 tam
1827 1191 2103 1260 possunt

243 1295 546 1377 praeclare
596 1292 846 1359 efficere
870 1340 897 1373 ,
944 1311 1129 1375 quam
1168 1294 1396 1358 Amor.
1483 1292 1661 1376 Quid
1710 1308 1909 1358 autem
1950 1294 2109 1358 inud

237 1408 442 1475 ἀὶεοῗ
500 1415 636 1488 Τὴν
703 1412 804 1479 ἐπὶ
855 1412 966 1490 μὲν
1026 1421 1144 1485 τοῖς
1186 1415 1461 1493 αἰσχροῖς
1502 1412 1830 1492 αἰσχύνην,
1897 1414 1993 1483 ἐπὶ
2049 1417 2113 1481 δὲ

243 1536 374 1600 τοῖς
449 1536 656 1598 καλοῖς
723 1526 1101 1605 Φιλοτιμίαν.
1160 1524 1499 1589 ‘Pudorem
1577 1524 1721 1591 dieo
1794 1526 1861 1590 in
1934 1527 2117 1592 rebus

247 1639 553 1725 turpibus
611 1654 676 1705 et
739 1638 808 1704 in
873 1639 1149 1706 honestis
1208 1641 1707 1709 aemulationem.
1776 1642 1943 1711 Nam
1981 1643 2118 1709 sine

240 1758 346 1825 his
403 1757 539 1826 fieri
581 1759 762 1825 nullo
797 1747 991 1824 modo
1040 1772 1300 1841 potest,
1344 1775 1415 1825 ut
1455 1763 1559 1837 yel
1586 1760 1807 1828 civitas
1866 1764 1971 1828 vel
2022 1760 2117 1827 ci·

237 1877 341 1943 vis
399 1894 619 1959 magna
669 1878 812 1944 edet
851 1891 916 1941 et
974 1877 1210 1943 nobilia
1253 1875 1555 1945 facinora.
1640 1879 1863 1945 Statuo
1932 1879 2115 1960 equi-

241 1994 438 2075 dem,
476 1992 684 2060 virum
727 1991 842 2074 qui
881 2006 1043 2058 amat
1066 2038 1089 2071 ,
1139 1991 1196 2056 si
1225 2008 1415 2075 turpe
1446 1992 1601 2073 quid
1637 1996 1740 2059 vel
1795 1995 1931 2076 ipse
1970 2015 2111 2076 per*

243 2110 460 2194 egisse
519 2107 1055 2193 deprehendatur,
1100 2109 1204 2175 vel
1256 2127 1482 2191 passus
1533 2108 1612 2175 ab
1665 2111 1787 2174 alio
1862 2129 1976 2192 per
2026 2111 2119 2194 ig-

239 2225 486 2295 naviam
532 2244 665 2293 non
713 2226 887 2294 ultu's
940 2245 1121 2309 esse,
1175 2225 1631 2313 deprehensum
1670 2225 1737 2291 in
1780 2245 1857 2292 eo
1890 2227 2027 2293 sive
2074 2247 2114 2293 a

237 2360 462 2429 patre,
505 2345 639 2411 sive
681 2344 760 2409 ab
811 2344 1068 2426 amicis,
1115 2344 1252 2410 sive
1299 2344 1379 2409 ab
1412 2343 1537 2409 alio
1572 2344 1903 2426 quolibet,
1948 2344 2117 2409 haud

234 2480 488 2530 tantum
542 2462 685 2545 angi
744 2480 815 2526 ac
876 2461 1128 2542 dolere,
1195 2476 1499 2542 quantum
1569 2460 1647 2525 ab
1698 2460 1978 2526 amasio:
2047 2474 2113 2525 et

233 2580 474 2664 pariter
520 2578 819 2646 amasium
853 2579 1136 2645 videmus
1187 2594 1322 2644 tum
1389 2579 1754 2644 crubescere
1801 2578 2106 2660 maxime,

239 2697 503 2779 quando
572 2695 643 2759 in
698 2694 874 2774 turpi
924 2693 1184 2775 negotio
1236 2693 1314 2756 ab
1386 2693 1769 2757 amatoribus
1829 2695 1914 2758 sit
1958 2712 2110 2758 con-

241 2825 540 2895 spectus·
625 2809 698 2874 Si
739 2808 935 2888 igitur
981 2826 1116 2888 quo
1170 2822 1356 2888 pacto
1393 2807 1693 2871 exsistere
1740 2809 1843 2871 vel
1895 2808 2117 2873 civitas

235 2922 479 3014 'posset
514 2925 614 2991 vel
657 2916 974 2988 exercitus
1014 2935 1352 2987 amatorum
1396 2936 1459 2985 et
1497 2921 1906 2988 amasiorum:
1954 2923 2119 2990 haud

233 3045 408 3114 ratio
481 3058 621 3126 est,
713 3061 841 3126 qua
904 3040 1128 3105 melius
1192 3038 1259 3104 hi
1326 3058 1424 3105 res
1501 3058 1644 3106 suas
1708 3040 2106 3125 ordinarent,

231 3184 432 3252 quam
465 3162 860 3229 abstinentes
892 3178 928 3224 a
988 3157 1278 3241 turpibus
1336 3156 1629 3223 omnibus
1666 3170 1727 3223 et
1765 3178 1974 3226 secum
2010 3161 2108 3227 in-

227 3285 436 3359 vicem
475 3279 896 3350 aemulatione
930 3276 1370 3343 contendentes
1393 3295 1416 3342 -2
1464 3291 1527 3342 et
1569 3296 1717 3343 sane
1752 3294 2107 3362 pugnantes

240 3418 368 3464 una
418 3402 568 3467 tales
621 3399 800 3465 cives
824 3444 851 3479 ,
895 3394 1216 3463 vincerent
1266 3393 1489 3472 facile,
1533 3394 1717 3477 pauci
1756 3395 1942 3458 etiam
1993 3413 2112 3457 nu·-

243 3533 424 3580 mero
453 3562 476 3595 ,
524 3516 895 3595 universos,
973 3527 1047 3580 ut
1105 3512 1192 3577 ita
1255 3511 1455 3576 dicam
1478 3558 1502 3593 ,
1549 3510 1865 3606 homines.
1931 3516 2113 3591 Ἐρῶν

241 3636 378 3715 γὰρ
409 3634 544 3714 ἀνὴρ
577 3638 706 3703 ὑπὸ,
733 3637 1023 3703 παιδικῶν
1068 3633 1376 3717 ὅφθῆναιῆ
1420 3634 1607 3700 λιπὼν
1648 3626 1824 3707 τάξιν
1870 3630 1905 3704 ἥ
1945 3625 2110 3717 ὄπι-μ

237 3749 586 3830 ἀποβαλὼν
605 3796 626 3821 ,
699 3748 867 3825 ἧττον
925 3748 1001 3816 ἄν
1054 3751 1238 3825 δήπου
1299 3747 1538 3825 δέξαιτο
1594 3746 1629 3820 ἦ
1703 3746 1816 3810 ὑπὸ
1872 3744 2109 3814 roim-m

234 3874 360 3936 τῶν
429 3865 662 3933 ἄλλων·
721 3865 821 3931 καὶ
871 3867 984 3945 μὴν
1049 3867 1492 3942 ἐγκαταλιπεῖν
1567 3883 1644 3939 γε
1716 3862 1800 3928 τὰ
1861 3864 2107 3932 παιδικὰ

231 3987 274 4065 ἤ
314 3984 414 4067 μὴ
463 3982 752 4064 βοηθῆσαι
802 3981 1222 4057 κινδυνεύοντι,
1267 3982 1377 4061 πρὸ
1426 3979 1635 4048 τούς-ευ
1694 3980 1962 4050 navim
2025 3982 2103 4048 ἂν

1964 4108 2115 4162 Τίλ-
