2792 5167
977 477 1313 542 ..μ-ὓ

224 635 378 708 ‘rum
431 643 807 708 naturalibus
867 642 966 707 his
1035 642 1411 724 optimarum
1486 621 1691 715 {terum
1715 689 1739 722 ‚
1797 639 2078 710 sinceme

227 756 526 826 scientiae
602 749 1005 842 veritatisque
1088 758 1473 843 appetitibus
1495 805 1520 839 ‚
1578 759 1878 825 virtutum
1942 781 2080 829 om·

229 874 405 940 nium
437 891 504 940 et
549 869 874 960 sapientiae
919 876 1149 944 semina
1170 897 1192 942 ε
1239 876 1472 958 quibus
1523 876 1695 959 pleni
1748 876 2081 960 refertique

227 1005 294 1056 et
333 994 507 1074 quasi
565 993 967 1061 exuberantes
1027 994 1303 1079 gestiunt
1363 1010 1584 1075 parere
1641 992 1979 1073 aliqnando
2028 991 2092 1064 et'

218 1126 567 1192 procreare.
658 1111 782 1176 His
829 1125 1039 1177 autem
1099 1110 1317 1190 quidni
1369 1111 1662 1192 pulcrum
1727 1127 1876 1176 esse
1927 1110 2094 1177 dica-

213 1243 353 1291 mus
416 1227 600 1309 quasi
649 1227 965 1291 Lucinam
1000 1226 1370 1306 quamdam?
1418 1227 1638 1308 quidni
1694 1245 1963 1294 amorem
2022 1229 2097 1297 iis

208 1355 364 1408 etse
395 1341 715 1408 fateamur
758 1341 971 1421 ipsum
1015 1343 1084 1403 in
1115 1343 1342 1428 pulcro
1370 1348 1694 1429 partum?
1751 1343 1872 1411 Sed
1926 1341 2097 1413 nunc'

212 1475 348 1524 nos
387 1459 550 1523 item
597 1467 829 1522 sensus
867 1473 993 1520 non
1054 1460 1202 1523 latet
1247 1476 1459 1524 eornm
1480 1505 1503 1539 ‚
1572 1479 1733 1542 quae
1789 1463 1867 1528 de
1912 1461 2099 1531 foeti-

219 1569 354 1639 bus'
393 1572 757 1640 divinorum
807 1571 1078 1641 virorum
1132 1576 1340 1641 eadem
1384 1580 1829 1659 pronunciavit
1875 1583 2101 1650 mulier

214 1690 635 1776 phirosophn.
721 1690 796 1756 In
856 1692 1083 1773 'quibus
1144 1694 1315 1778 leges
1367 1699 1733 1763 memoravit
1768 1697 2093 1787 Lycurgi,

214 1827 392 1890 quae
409 1809 674 1894 Spartae
714 1809 970 1874 fuerunt
1011 1823 1072 1875 et
1114 1811 1443 1877 universae
1480 1810 1614 1880 fere
1632 1813 1929 1883 Graeciae
1969 1837 2101 1883 ser-

214 1921 533 2008 vah-100⁵,
596 1927 766 2011 leges
827 1927 974 1991 item
1021 1926 1276 1994 SolonIs
1338 1939 1406 1995 et
1455 1930 1851 2000 celeberrima
1911 1955 2100 2017 quae·

217 2064 344 2128 que
399 2045 892 2114 clarissimorum
952 2046 1228 2111 virorum
1285 2047 1576 2129 inventa,
1619 2064 1882 2134 propter
1928 2072 2094 2134 quos

219 2155 455 2246 natos}
501 2163 754 2247 ingenio
793 2177 1051 2246 partos,
1096 2163 1338 2248 adjicit,
1386 2167 1616 2249 terana
1679 2166 1755 2232 iis
1816 2181 1882 2233 et
1924 2188 2099 2235 sacra

215 2279 417 2350 dicata
477 2296 632 2348 sunt
689 2282 999 2364 plurima3
1058 2299 1322 2364 propter
1364 2281 1675 2346 humanos
1718 2301 1871 2347 vero
1897 2330 1921 2363 ‚
1964 2288 2112 2349 nui-

213 2404 300 2468 la.
387 2401 473 2467 In
523 2399 628 2464 his
682 2399 850 2464 enim
914 2397 1189 2462 omnium
1247 2396 1558 2478 maxime,
1606 2415 1765 2478 quae
1818 2397 1896 2462 iis
1935 2397 2108 2465 intus

215 2519 432 2586 inerat
469 2515 679 2583 divina
719 2514 1000 2591 indoles,
1063 2511 1303 2594 pulcris
1350 2513 1703 2593 spectandis
1747 2505 2105 2599 diligendisr'

222 2653 358 2716 que
378 2679 412 2713 ‚
454 2647 592 2696 tota
627 2646 728 2695 est
766 2629 1030 2694 excitata
1064 2627 1144 2690 ad
1177 2626 1389 2708 ipsum
1433 2629 1932 2707 persequendum
1969 2635 2110 2713 pul-

223 2767 461 2829 crum,
531 2747 660 2812 imo
717 2761 874 2810 vero
915 2741 1282 2809 inflammata
1333 2759 1431 2808 est
1486 2742 1563 2807 ad
1622 2743 1824 2828 ipsum
1857 2794 1881 2827 ,
1939 2745 2115 2832 quod

221 2887 345 2954 per
386 2883 463 2933 se
499 2878 567 2932 et
606 2865 846 2929 bonum
915 2875 1014 2927 est
1073 2873 1136 2926 et
1183 2861 1427 2944 justum
1486 2875 1551 2926 et
1613 2862 1847 2932 civitati
1911 2868 2110 2952 utile,

218 2989 300 3056 ad
340 2984 673 3053 civitatum
721 2982 984 3046 salutem
1027 2977 1469 3045 adhibendum.
1520 2978 1584 3025 (θ

306 3105 388 3170 In
430 3100 667 3186 quibus
729 3099 974 3184 placitis
1005 3144 1028 3178 ‚
1073 3098 1129 3162 si
1187 3097 1330 3181 quis
1382 3099 1701 3182 poeticum
1741 3111 2111 3187 aspernatur

223 3213 546 3301 colorem,
594 3216 704 3302 qui
726 3236 761 3282 a
784 3214 1197 3300 philosophia
1225 3215 1465 3281 alienus
1504 3231 1804 3300 putatur,
1825 3220 1983 3284 inud
2003 3237 2118 3285 co-

239 3337 503 3418 gitemus
526 3383 550 3417 ‚
590 3336 757 3402 haud
819 3333 1160 3399 abhorrere
1219 3331 1338 3395 ista
1389 3349 1427 3395 a
1462 3329 1853 3395 naturalibus
1893 3331 2123 3397 mentis

245 3453 548 3517 hnmanae
601 3450 968 3516 notionibus
992 3497 1016 3529 ‚
1039 3529 1052 3534 ,
1077 3467 1237 3531 quae
1288 3445 1529 3532 linguis
1571 3445 1949 3527 dicendique
1999 3465 2124 3513 usu

246 3583 578 3650 expressae
630 3583 693 3635 et
752 3568 925 3650 quasi
989 3566 1396 3650 consignatae
1463 3577 1641 3628 sunt.
1747 3561 1908 3649 Quis
1962 3564 2140 3632 enim-

241 3685 580 3774 populus,
644 3686 852 3768 pauno
924 3684 1178 3767 quidem
1237 3681 1509 3761 cultior,
1575 3684 1688 3746 sua
1738 3698 1868 3747 non
1911 3682 2127 3769 lingua

240 3804 358 3874 has
406 3800 583 3887 ipsas
607 3848 631 3882 ,
696 3801 926 3882 quibus
990 3820 1112 3868 nos
1176 3799 1278 3866 usi
1337 3815 1558 3864 sumus
1581 3842 1606 3878 ,
1664 3816 1856 3868 voces
1906 3800 2129 3869 dictio-

1550 3975 1561 3987 .
1980 3935 2132 3990 nes·-

316 4035 395 4112 (ι)
435 4034 633 4107 Symp.
675 4053 797 4106 ²09·
847 4032 935 4088 Cf.
971 4049 1142 4103 snpra
1186 4030 1318 4088 Vol.
1364 4029 1415 4084 1.
1446 4047 1501 4101 p.
1538 4031 1693 4121 ²⁸².
