2792 5167
999 459 1091 478 ιι.-
1136 435 1257 512 ῙὈς
1290 432 1402 478 -’--

260 615 477 680 tutem
516 609 698 677 vobis
723 609 1023 690 interfui,
1044 628 1243 692 quum
1264 622 1570 691 quatenus
1603 610 1941 692 sapientiae
1978 612 2120 676 stu'-

276 728 551 794 dendum
591 744 750 796 esset
774 728 974 808 ‚inter
1002 745 1122 791 vos
1151 725 1564 792 consuleretis
1588 773 1613 806 ,
1635 726 1911 807 novique
1932 773 1957 806 ‚
1994 728 2112 793 hu-

264 845 547 930 jusmodi
594 844 761 928 apud
792 863 905 910 vos
948 843 1181 911 vicisse
1222 844 1581 926 opinionem
1606 889 1631 923 ‚
1675 861 1831 934 non·
1861 857 2120 911 conten--

272 961 543 1028 dendum
603 977 745 1027 esse
786 962 851 1030 in
901 960 1408 1045 philosophando
1449 962 1528 1026 ad
1575 963 1932 1050 ὦκριβείαν,
1971 958 2118 1025 dilt-

258 1079 539 1162 fflatn
555 1096 584 1141 .·
628 1076 1121 1143 adhortabamini
1170 1096 1290 1142 vos
1341 1076 1608 1142 invicem
1652 1077 1812 1142 adeo
1834 1122 1859 1156 ,
1905 1091 1982 1142 ut
1999 1095 2116 1144 α·
2185 1139 2192 1150 ,

261 1193 489 1259 vetetis
551 1193 887 1278 diligenter
909 1239 935 1272 ‚
1018 1210 1115 1257 ne·
1159 1193 1323 1256 ultra
1343 1239 1367 1273 ,
1441 1212 1623 1276 quam
1685 1193 1929 1258 deceta
1952 1239 1977 1275 ,
2033 1213 2134 1261 sad

260 1308 513 1392 pientes
580 1307 731 1373 facti
758 1354 783 1387 ‚
872 1308 1300 1390 imprudentes
1334 1308 1929 1393 corrumperemini.
2032 1311 2128 1378 Ut

265 1425 468 1510 igitur
518 1438 586 1490 te
626 1422 839 1489 audivi
887 1425 1039 1489 haec
1085 1422 1237 1490 mihi
1288 1426 1644 1492 suadentem
1671 1473 1695 1506 ‚
1758 1429 1927 1509 quod
1979 1429 2129 1496 ami-

272 1538 545 1606 cissimis
604 1539 718 1604 tibi
766 1515 1123 1605 hominibus
1179 1541 1479 1622 suasisti,
1522 1543 1818 1628 indicium
1875 1544 1940 1610 id
1976 1546 2128 1613 mihi

269 1657 569 1725 idoneum
599 1656 724 1724 fuit
748 1703 773 1737 ,
817 1657 1137 1724 verissime
1213 1674 1278 1724 te
1337 1659 1494 1725 mihi
1558 1659 1913 1727 benivolum
1955 1680 2116 1731 esse.

275 1775 614 1842 Caeterum
659 1775 851 1841 libere
888 1791 953 1840 te
992 1777 1168 1857 loqui
1212 1794 1327 1842 nec
1384 1777 1825 1858 verecundari,
1890 1792 1954 1844 et
1990 1780 2130 1863 ipse

268 1892 427 1964 dicis
481 1908 547 1960 et
599 1910 805 1957 sermo
885 1892 995 1957 tibi
1057 1907 1238 1974 tuus,
1303 1911 1492 1975 quem
1546 1894 1733 1959 modo
1793 1894 2120 1977 habuisti,

267 2009 627 2077 assentitur.
692 2008 798 2075 Sic
855 2010 1047 2094 igitur
1097 2010 1160 2076 in
1198 2010 1373 2077 hisce
1421 2029 1494 2076 se
1540 2029 1638 2077 res
1677 2030 1845 2077 nunc
1883 2011 2116 2079 habet:

271 2124 326 2190 si
384 2125 535 2208 quid
589 2141 659 2191 tu
718 2124 866 2192 mihi
926 2126 990 2191 in
1020 2124 1447 2194 -sermonibus
1514 2144 1806 2193 assensus
1857 2124 2055 2192 fueris
2086 2173 2113 2207 ‚

267 2244 655 2328 exploratum
706 2244 829 2307 hoc
877 2243 999 2324 jam
1038 2242 1188 2306 satis
1225 2260 1262 2305 a
1308 2256 1374 2305 te
1403 2258 1475 2305 ac
1513 2260 1612 2304 me
1649 2258 1836 2320 esse«,
1874 2259 1993 2306 nee
2047 2242 2125 2305 il·

265 2362 385 2427 lud
447 2359 530 2424 ad
577 2357 749 2423 aliud
788 2373 930 2421 esse
986 2373 1242 2421 examen
1295 2354 1705 2440 exigendum:
1731 2381 1738 2392 ·
1767 2373 1900 2420 non
1960 2355 2126 2422 enim

269 2495 568 2545 assensus
626 2471 701 2540 tu
742 2473 805 2538 id
856 2490 1026 2539 esses
1082 2489 1291 2554 neque
1349 2470 1682 2555 sapientiae
1739 2471 2123 2558 indigentia,

268 2612 485 2676 neque
516 2589 927 2658 verecundiae
981 2586 1362 2653 abundantia
1382 2633 1409 2666 ‚
1473 2605 1679 2668 neque
1751 2606 1904 2654 vero
1967 2591 2131 2656 deci·

265 2708 491 2796 piendi
550 2711 791 2772 caussae
856 2703 1092 2770 amicus
1146 2701 1311 2769 enim
1352 2700 1504 2768 mihi
1546 2720 1661 2784 es,
1705 2718 1779 2770 ut
1815 2704 1958 2790 ip'se
2007 2708 2122 2773 ais,

268 2830 524 2896 Revera
596 2822 792 2909 igitur
849 2840 1025 2887 meus
1078 2833 1354 2900 tuusque
1432 2837 1778 2888 consensus
1851 2823 2128 2891 veritatis

259 2940 525 3012 habebit
587 2956 929 3006 summum.
1039 2935 1167 3018 Est
1220 2948 1422 3001 autem
1486 2939 1851 3020 pulcerrima
1917 2960 2124 3010 rerum

261 3057 685 3128 consideratio
715 3103 740 3137 ,
783 3052 1077 3123 Callicles
1102 3098 1127 3134 ,
1162 3054 1240 3119 de
1281 3050 1518 3136 quibus
1563 3073 1663 3121 me
1692 3059 2128 3141 reprehendis·
2205 3071 2212 3078 '

256 3179 311 3245 ti
348 3177 587 3257 mode,
655 3159 905 3256 qualein
968 3186 1109 3236 esse
1160 3170 1361 3237 virum
1416 3186 1702 3253 oporteat
1725 3218 1752 3251 ‚
1795 3174 1951 3253 quid
1990 3192 2128 3242 stu-

267 3295 416 3362 dere
468 3308 533 3357 et
595 3305 902 3373 quatenus
927 3335 952 3369 ,
995 3306 1141 3354 cum
1205 3287 1558 3372 seniorem,
1601 3303 1738 3355 tum
1785 3289 2126 3373 juniorem.

270 3409 423 3493 Ego
477 3406 639 3473 enim
694 3405 753 3472 si
790 3406 945 3487 quid
985 3405 1051 3470 in
1101 3403 1231 3470 vita
1281 3421 1417 3470 mea
1470 3404 1677 3470 minus
1736 3418 1908 3471 recte
1961 3424 2129 3491 ago,

275 3524 445 3593 seito
488 3542 615 3592 non
666 3536 896 3606 sponte
945 3540 1042 3588 me
1088 3520 1506 3603 lubenterque
1544 3538 1790 3602 errare,
1835 3522 1949 3587 sed
1984 3543 2134 3607 prae

266 3640 528 3713 inscitia
579 3640 822 3706 scilicet
875 3642 1034 3706 mea.
1130 3636 1237 3703 Tu
1293 3637 1527 3721 igitur,
1592 3651 1666 3701 ut
1724 3655 1978 3707 monere
2030 3661 2131 3712 me

265 3757 592 3846 coepisti,
677 3756 759 3823 ita
819 3773 901 3822 ne
960 3754 1207 3822 desinas
1259 3752 1488 3832 velim,
1550 3752 1662 3817 sed
1724 3755 1904 3836 plane
1976 3761 2130 3829 mihi

272 3878 678 3952 demonstra,
741 3871 896 3953 quid
934 3868 1093 3935 illud
1150 3867 1279 3947 sit,
1339 3865 1407 3930 in
1468 3866 1637 3949 quod
1696 3870 1846 3937 mihi
1891 3872 2134 3942 incum.

270 3992 542 4070 bendum
568 3988 854 4058 videatur
893 4000 959 4056 et
1001 3986 1130 4068 qua
1162 3981 1319 4056 iilud
1354 3975 1459 4050 vid
1491 4003 1864 4070 consequar,
1911 3990 2140 4074 Quod.

2082 4122 2139 4171 st
