2792 5167
930 555 1311 634 -187-

152 736 381 802 vitam
427 734 678 799 futurus
721 752 790 799 ac
835 737 1250 819 sempiternus
1285 734 1612 799 diceretur.
1690 735 1792 800 Sic
1831 750 2054 817 nempe

154 851 657 935 distinguebant
710 850 991 936 antiqui:
1056 869 1119 918 et
1174 853 1352 921 Plato
1416 865 1537 917 tam
1599 852 1665 917 in
1729 850 2062 934 Phaedro,

165 990 381 1055 quam
427 972 493 1035 in
540 967 867 1036 Phaedone
906 970 1174 1053 primum
1219 970 1420 1048 illud,
1469 988 1597 1035 tum
1637 969 1760 1034 hoc
1800 972 2060 1035 alterum

162 1091 608 1156 demonstrat.
699 1086 936 1154 Mirum
999 1088 1063 1153 id
1123 1089 1335 1154 multis
1380 1090 1574 1154 videri
1619 1106 1819 1171 atque,
1848 1089 2067 1154 absur-

164 1209 334 1273 dum
383 1206 586 1271 soleta
642 1224 758 1271 nec
814 1224 933 1270 nos
976 1204 1305 1272 defendere
1347 1206 1627 1273 Platonis
1670 1225 1739 1271 ac
1783 1224 2060 1272 veterum

169 1323 565 1389 sententiam
593 1322 1037 1390 sustineamus.
1097 1325 1524 1391 Veruntamen
1549 1323 1781 1392 factum
1821 1325 1905 1391 ita
1933 1340 2068 1407 est,

174 1456 257 1508 ut
318 1442 532 1507 eadem
590 1440 695 1506 illa
738 1440 1018 1506 doctrina
1063 1458 1347 1525 tantam,
1407 1458 1697 1525 quantam
1748 1443 2062 1526 vidimus,

176 1560 255 1624 in
310 1556 452 1624 veri
500 1557 967 1641 philosophiam
1018 1558 1184 1642 apud
1218 1560 1542 1625 Platonem
1595 1558 1720 1624 vim
1766 1559 2075 1627 habuerit.

180 1676 365 1742 Nam
429 1672 707 1739 adhibita
762 1693 796 1739 a
846 1674 1238 1759 philosopho
1294 1690 1391 1741 est
1448 1675 1526 1741 ad
1579 1675 1923 1741 universam
1971 1677 2078 1742 de·

180 1789 670 1858 monstrandam
749 1794 826 1857 de
902 1791 1056 1858 ideis
1138 1810 1327 1876 atque
1385 1792 1620 1875 optima
1682 1793 2078 1860 institutione

183 1906 601 1985 doctrinam,
650 1921 720 1972 ut
761 1907 1029 1973 efficeret
1073 1907 1256 1987 inde,
1304 1910 1757 1974 instaurandam
1802 1929 1943 1976 esse
1985 1908 2078 1974 in-

195 2025 540 2090 stitutione
593 2025 912 2103 idearttm‚
972 2046 1130 2106 quas
1189 2026 1252 2088 in
1302 2028 1623 2108 superiore
1682 2025 1807 2092 vita
1861 2027 2080 2111 adspe-

194 2144 566 2223 xissemus,
636 2143 1028 2222 memoriam,
1097 2160 1227 2223 quo
1296 2140 1492 2223 magis
1561 2142 1624 2206 in
1680 2144 1792 2207 hac
1839 2143 1964 2208 vita
2002 2145 2080 2209 ad

199 2263 548 2345 pulcrum,
594 2260 870 2339 bonum,
908 2262 1194 2345 justum,
1244 2273 1567 2336 sanctum,
1609 2259 1891 2323 divinum
1932 2276 2085 2325 con·

202 2379 377 2443 versi
425 2377 674 2461 denu0,
733 2378 812 2443 ad
862 2378 1009 2442 haec
1065 2378 1343 2459 exempla
1393 2389 1457 2439 et
1496 2374 2086 2458 philosopharemur

203 2512 270 2561 et
317 2497 722 2575 viveremus,
770 2512 900 2561 tum
945 2512 1097 2559 vero
1140 2493 1366 2573 etiam,
1415 2508 1528 2573 ut,
1576 2512 1734 2574 quae
1777 2494 1879 2559 hlc
1922 2512 2091 2559 esse-

209 2633 356 2680 mus
423 2614 676 2697 exorsi,
742 2614 805 2677 in
868 2611 1084 2676 futura
1143 2612 1274 2676 vita
1330 2610 1789 2693 perficeremus.
1899 2612 2088 2680 Unde

208 2746 386 2816 patet
413 2779 441 2814 ,
501 2746 768 2815 quantae
810 2729 1237 2812 amplitudinis
1284 2728 1718 2812 ubertatisque
1758 2731 1881 2795 hoc
1923 2732 2091 2816 apud

210 2867 460 2917 veteres
522 2848 812 2932 placitum
879 2845 1096 2914 fuerit.
1199 2848 1463 2911 Accedit
1504 2863 1755 2929 autem,
1818 2866 1887 2916 ut
1928 2851 2089 2917 idem

206 2969 412 3034 hocce
477 2966 557 3031 de
615 2965 1073 3030 immortalitate
1136 2963 1429 3046 placitum
1496 2966 1664 3047 apud
1719 2980 1961 3032 veteres
2016 2989 2088 3035 ac

208 3086 534 3152 Platonem
587 3082 664 3146 ad
700 3081 876 3165 justi
928 3080 1182 3164 proprie
1243 3081 1709 3165 philosophiam
1757 3086 2082 3165 pertineat.

213 3201 366 3284 Quo
408 3199 609 3279 magis
648 3198 952 3283 justitiam
997 3212 1364 3279 tuerentur,
1430 3215 1500 3263 ut
1543 3200 1729 3265 nobis
1766 3206 1890 3288 jam
1937 3203 2090 3269 satis

218 3335 252 3380 e
276 3316 542 3383 Platone
576 3313 775 3396 patuit
808 3331 870 3379 et
900 3314 1235 3380 dilucidius
1273 3316 1455 3380 etiam
1492 3316 1785 3400 deinceps
1815 3322 2089 3406 patebit,

221 3432 633 3499 immortalem
691 3450 828 3496 esse
890 3431 1269 3496 affirmabant
1328 3434 1600 3498 animum
1642 3434 1956 3506 hominis:
1999 3441 2093 3507 sic

220 3553 383 3615 enim
428 3549 769 3629 futurum,
829 3567 900 3613 ut
944 3568 1057 3614 nec
1109 3549 1343 3633 justis,
1399 3552 1684 3632 quamvis
1728 3556 1929 3636 mala,
1975 3575 2092 3623 nec

225 3668 480 3752 inJustis
506 3714 530 3747 ,
581 3665 870 3748 quamvis
913 3668 1222 3747 prospera
1265 3664 1526 3732 fortuna
1558 3666 1665 3731 hic
1705 3684 1912 3734 essent
1951 3672 2093 3754 usi,

222 3785 496 3866 praemia
538 3798 602 3848 et
644 3800 882 3865 poenae
919 3784 1231 3848 deessent.
1342 3784 1493 3869 Quo
1537 3800 1777 3866 spectat
1815 3787 2092 3877 tribunal

222 3899 381 3966 illud
440 3901 723 3977 divinum
753 3948 776 3981 ,
843 3900 1011 3983 quod
1073 3919 1145 3964 ex
1205 3899 1482 3982 antiquis
1529 3901 1757 3967 fabulis
1801 3905 1981 3971 Plato
2026 3906 2092 3971 in

227 4016 475 4107 Gorgia
516 4016 875 4107 descripsit.
918 4012 999 4084 (ἰ)
1108 4016 1209 4117 Et⁴
1239 4017 1552 4099 omnin0,
1610 4020 1720 4086 ubi
1761 4024 2095 4091 accuratis·

297 4216 380 4286 (¹)
422 4216 595 4289 Gorg·
627 4216 750 4274 523·
792 4216 881 4272 Cf.
920 4234 1081 4286 supr·
1118 4215 1253 4274 vot.
1290 4217 1370 4268 11.
1410 4215 1473 4272 Ρ.
1518 4215 1563 4271 l.
1597 4236 1653 4285 p·
1676 4221 1792 4274 115.
2017 4162 2101 4208 δι’
