2792 5167
1445 484 1804 547 tun—24...»

678 651 745 718 in
802 650 933 735 pari
988 652 1089 716 vel
1146 645 1341 714 simili
1409 643 1830 731 simplicitatis
1897 644 2374 727 venustatisque
2409 651 2544 710 stus

682 768 790 834 dio
813 815 841 849 ‚
896 763 1313 833 contendebat
1368 763 1584 832 altius.
1675 761 1946 830 Amabat
2019 762 2127 829 ille
2184 761 2544 832 suavitatem

683 884 1256 968 Xenophonteam3
1337 882 1452 948 sed
1513 880 1896 964 sequebatur
1967 881 2332 948 Platonem:
2397 887 2548 965 μετ’

680 1006 898 1087 ἴχνια.
943 1007 1165 1085 βαῖνε
1214 1007 1425 1073 θεοῖο.
1519 1000 1725 1088 Quam
1787 999 2060 1065 nativam
2111 997 2235 1064 viri
2287 998 2550 1064 indolem

679 1135 899 1186 omnes
934 1133 1324 1201 agnoscunt,
1371 1116 1482 1201 qui
1527 1132 1591 1183 et
1639 1117 1871 1201 scripta
1913 1118 2050 1201 ejus
2086 1117 2308 1196 legunt
2355 1128 2419 1180 et
2459 1114 2552 1197 ip-

680 1253 826 1302 sum
889 1235 1291 1301 audiverunt.
1408 1234 1663 1318 Spirant
1727 1233 1834 1300 illa
1901 1232 2290 1299 Platonicum
2356 1230 2553 1313 quid,

683 1353 864 1435 quod
894 1369 1025 1419 non
1066 1352 1134 1419 in
1171 1352 1384 1419 verbis
1426 1367 1489 1418 et
1535 1351 1921 1419 dictionibus
1965 1350 2242 1417 cernitur
2265 1397 2292 1431 ,
2331 1366 2450 1415 nec
2492 1347 2556 1415 in

678 1468 1058 1552 imaginibus
1081 1517 1108 1551 ‚
1148 1468 1725 1553 comparationibus
1744 1516 1768 1550 ‚
1799 1486 2007 1552 neque
2039 1466 2224 1534 etiam
2257 1465 2326 1532 in
2345 1463 2557 1531 -forma

682 1585 915 1670 dialogi
933 1635 959 1669 ‚
1002 1605 1191 1671 quam
1230 1586 1563 1671 usurpavit
1601 1587 1940 1671 aliquoties
1961 1607 1985 1652 t
2053 1588 2207 1652 haec
2263 1584 2558 1651 imitando

681 1703 827 1783 quis
883 1703 1283 1784 assequitur3
1331 1705 1447 1770 sed
1489 1704 1557 1767 in
1598 1719 1740 1768 toto
1787 1704 2094 1770 orationis
2141 1702 2409 1783 habitu,
2454 1701 2562 1783 qui

677 1832 817 1883 tum
880 1817 1145 1882 maxime
1210 1817 1583 1883 Ciceronem
1641 1817 1883 1902 refert,
1970 1818 2221 1900 quando
2299 1817 2561 1884 maxime

670 1933 910 1999 Cicero
989 1934 1311 2000 Platonem
1374 1935 1711 2019 expressit.
1840 1936 1983 2004 Nec
2059 1953 2216 2002 vero
2287 1955 2358 2010 se
2425 1935 2563 2003 data

668 2069 861 2136 opera
904 2050 1341 2119 conformasse
1393 2052 1649 2120 videtur
1693 2054 1774 2121 ad
1828 2053 2110 2122 Platonis
2174 2053 2564 2136 exemplum.-

670 2167 843 2236 Nam
915 2184 1243 2252 quotquot
1303 2169 1519 2238 audivi
1588 2171 1878 2236 homines
1940 2172 2020 2235 de
2087 2169 2566 2252 wyttenbachii

673 2284 933 2366 scriptis
969 2285 1365 2370 iudicantes:
1434 2299 1500 2349 et
1543 2288 1784 2352 multos·
1835 2284 2097 2367 audivi,
2158 2291 2404 2367 aetate,
2468 2285 2564 2352 in·-

677 2399 910 2484 geniO,
978 2400 1210 2467 studiis
1287 2399 1745 2470 dissimillimos
1769 2449 1796 2485 ‚
1857 2402 1978 2468 hac
2043 2400 2112 2468 in
2175 2421 2248 2468 re
2303 2402 2568 2470 maxime

675 2517 1034 2583 consentire
1080 2518 1413 2586 universos
1461 2518 1593 2586 vidi
1619 2567 1645 2602 ‚
1693 2518 2174 2603 Wyttenbachii
2220 2520 2566 2589 orationem

676 2651 809 2700 non
875 2651 1012 2700 esse
1079 2634 1552 2702 Ciceronianam
1578 2685 1604 2719 ,
1669 2638 1774 2702 vel
1819 2637 1878 2703 si
1922 2637 2083 2703 velis
2130 2637 2513 2705 Platonicam
2534 2684 2561 2721 ,

671 2752 789 2818 sed
835 2752 1463 2836 Wyttenbachianam
1485 2801 1512 2837 ‚
1579 2756 1627 2821 i.
1673 2773 1732 2821 e.
1779 2755 1992 2839 ipsum
2043 2752 2278 2822 referre
2345 2770 2569 2823 aucto-

678 2887 858 2953 rem,
906 2886 978 2937 ut
1034 2873 1205 2938 hunc
1247 2891 1325 2938 ex
1371 2871 1618 2938 dicendi
1644 2920 1668 2954 ‚
1716 2872 2069 2954 seniendi,
2108 2872 2430 2960 judicandi
2474 2894 2575 2940 ra-

681 2987 858 3054 tione
894 2988 988 3054 sic
1024 3007 1440 3071 agnoscamus
1462 3038 1487 3072 ‚
1533 2990 1750 3075 prouti
1789 3011 1865 3058 ex
1906 2992 2094 3057 vultu
2129 3007 2193 3057 et
2229 2991 2574 3059 lineamen-

679 3105 769 3170 tis
820 3104 1082 3169 amicos.
1190 3106 1442 3189 Nempe
1481 3124 1614 3174 non
1660 3107 1930 3174 alienum
1987 3122 2116 3174 erat
2172 3109 2575 3178 Platonicum

679 3220 883 3303 illud,
928 3222 1104 3303 quod
1142 3221 1358 3289 studio
1405 3224 1809 3307 adscivissit,
1855 3227 1970 3293 sed
2012 3243 2143 3293 erat
2176 3227 2300 3311 ipsi
2344 3233 2580 3297 natura

675 3336 1030 3423 proprium.
1092 3337 1317 3426 'Quod
1362 3341 1621 3425 patebat
1663 3342 1930 3409 maxime
1970 3344 2036 3411 in
2079 3343 2249 3411 vitae
2303 3347 2580 3410 consue-

677 3456 936 3537 tudine,
1004 3456 1071 3522 in
1132 3457 1474 3525 amicorum
1521 3460 1974 3544 congressibus
1999 3507 2026 3542 ‚
2092 3461 2158 3525 in
2217 3460 2587 3528 rusticatio-r

687 3571 923 3656 nibus,
969 3572 1502 3643 ambulationibus
1527 3624 1553 3660 ‚
1599 3578 1666 3644 in
1710 3578 1946 3660 quibus
2011 3577 2326 3662 deponere
2363 3583 2590 3648 solent

682 3691 1019 3776 homines,
1103 3691 1163 3760 si
1233 3694 1390 3777 quid
1453 3695 1715 3761 habeant
1759 3696 2077 3778 alienum,
2170 3696 2586 3782 quaesitum3

684 3804 1087 3891 affectatum,
1155 3827 1268 3893 et,
1349 3812 1407 3877 si
1486 3812 1737 3895 quando
1820 3811 1970 3880 alias
1999 3813 2040 3895 ‚'
2113 3815 2432 3897 prodeunt
2501 3828 2588 3882 ut

686 3939 844 3991 sunt
868 3973 893 4006 ‚
936 3944 1066 3992 non
1114 3943 1189 3993 ut
1232 3928 1436 3995 videri
1487 3931 1738 3997 volunt.
1827 3931 1901 3998 In
1964 3931 2064 3997 his
2105 3950 2248 3997 eum
2295 3931 2588 4013 cognovi

690 4038 1006 4116 hominem
1048 4043 1395 4128 jucundum
1423 4089 1447 4124 ‚
1494 4043 1764 4114 facetum
1794 4092 1818 4127 ‚
1862 4062 2159 4130 acutum,
2203 4046 2592 4130 referentem

2453 4183 2590 4234 no-
