2792 5167
1042 482 1380 548 -15-

284 650 750 737 plemoremque
853 646 1321 733 explicationem
1410 648 1553 714 'hoc
1661 662 2087 732 argumentum
2116 688 2139 726 ‚

284 785 469 851 qnam
506 766 574 832 in
615 762 1096 849 superioribus,
1154 766 1456 849 postulat.
1562 763 1730 831 Tum
1796 764 1958 831 enim
2019 781 2141 829 nos

284 881 484 951 veluti
559 879 959 948 instituentes
1039 879 1352 947 hominem
1377 926 1407 961 ‚
1490 881 2005 964 quemadmodum
2081 880 2137 946 is

286 999 494 1086 pulcri
557 998 812 1082 verique
863 1016 1078 1065 amore
1150 995 1441 1065 incensus
1465 1044 1489 1079 ‚
1574 998 1814 1082 riteque
1878 998 1947 1069 in
2000 998 2140 1082 ipso

290 1116 570 1185 veritatis
624 1120 850 1204 ὀργανῷ
899 1131 1167 1200 purgato
1188 1163 1213 1199 ,
1272 1134 1533 1200 quoque
1575 1116 1757 1184 decet
1790 1133 2104 1183 converso
2118 1160 2141 1195 ‚

289 1234 370 1299 ad
429 1232 628 1317 pulcri
682 1233 938 1315 verique
995 1232 1316 1300 scientiam
1368 1230 1766 1299 adducendus
1822 1248 1987 1309 esset
2006 1278 2032 1315 ,
2075 1234 2153 1299 in

289 1348 724 1432 quirebamus=
769 1349 1062 1433 quocirca
1117 1363 1179 1414 et
1231 1367 1499 1415 amorem
1541 1349 1665 1432 ipsi
1706 1349 1961 1415 insitum
2007 1350 2148 1433 pul·
2228 1382 2235 1389 ·

285 1465 376 1532 cri
427 1465 686 1548 verique
740 1478 800 1532 et
842 1482 994 1531 vero
1038 1464 1160 1530 hoc
1201 1464 1446 1550 ὄργανον
1485 1465 1842 1547 explorasse
1885 1462 2148 1530 sufficie·

287 1580 419 1648 bat.
526 1580 720 1649 Nunc
778 1588 927 1648 v'ero
946 1626 970 1661 ‚
1014 1598 1158 1646 cum
1202 1580 1283 1645 de
1322 1579 1575 1646 civitate
1618 1580 1919 1662 agendum
1960 1578 2145 1645 nobis

286 1698 418 1780 sit,
458 1696 564 1764 cui
604 1696 947 1781 praefuturi
988 1711 1139 1764 sunt
1186 1697 1319 1778 illi,
1363 1715 1528 1778 quos
1570 1693 1664 1761 sic
1706 1694 2097 1763 'erudivimus
2120 1741 2146 1775 ‚

283 1816 481 1881 homo
557 1812 748 1880 nobis
820 1828 995 1880 totus
1056 1812 1439 1896 penitusque
1515 1811 1925 1894 explorandus
2003 1811 2144 1878 erit.

282 1930 452 1999 Non.
491 1918 660 1997 enim
719 1949 758 1998 e
815 1930 1018 2015 lapide
1059 1944 1123 1997 et
1165 1928 1383 2014 ligno,
1459 1929 1634 2011 quod
1669 1927 1990 1995 verissime
2026 1929 2150 2013 aje-

282 2047 392 2117 bat
452 2046 666 2129 Plato,
718 2045 808 2117 (⁸)
867 2044 1194 2114 confectae
1238 2044 1524 2115 civitates
1567 2059 1718 2110 sunt
1740 2092 1764 2126 ‚
1805 2059 1878 2111 ut
1918 2042 2151 2111 machi·

285 2179 508 2231 narum
537 2161 732 2229 instar
762 2176 1172 2231 moveantnrz
1219 2160 1582 2231 hominibus
1614 2175 1932 2229 constant.
1986 2160 2149 2228 Sunt

284 2290 494 2347 autem
554 2275 624 2343 hi
676 2275 884 2345 variae
917 2277 1150 2349 indolis
1173 2324 1198 2358 ‚
1253 2281 1560 2346 variarum
1600 2274 1961 2346 facultatum
1991 2322 2017 2360 ,
2057 2277 2155 2344 di·

286 2391 794 2463 veniaeimorum
845 2411 1145 2463 sensuum
1182 2413 1252 2463 ac
1291 2394 1669 2463 studiorum.
1753 2392 1884 2460 Alii
1929 2394 2008 2459 ad
2046 2410 2149 2460 eas

282 2509 580 2596 regendas
632 2509 766 2595 apti
825 2525 1023 2580 sunta
1085 2511 1244 2580 elios
1301 2527 1364 2579 et
1417 2513 1605 2593 longe
1654 2508 1973 2581 maximam
2012 2526 2154 2591 par·

285 2644 414 2696 tem
447 2627 583 2713 regi
620 2647 658 2695 a
689 2628 1211 2712 prudentioribus
1248 2643 1547 2714 oportet:
1607 2641 1761 2697 sunt
1803 2624 1949 2691 item
1970 2670 1996 2705 ‚
2039 2621 2150 2705 qui

285 2744 588 2830 opitulari
625 2743 752 2812 illis
773 2792 801 2830 ‚
838 2746 962 2812 hos
1011 2760 1218 2814 autem
1256 2750 1548 2815 coercere
1581 2744 1845 2813 debeant
1868 2788 1895 2825 ,
1937 2754 2153 2809 custo·

289 2861 401 2929 des
455 2860 734 2931 civitatis
787 2880 858 2931 ac
914 2861 1219 2933 vindices.
1318 2860 1597 2946 Singulis
1656 2859 1782 2928 illis
1843 2848 2152 2927 sui'sunt

287 2996 544 3061 mores,
601 2998 754 3049 auae
810 2980 1310 3067 propensitates:
1355 2979 1423 3047 in
1468 2977 1546 3045 iis
1589 2994 1839 3061 autem,
1883 2976 1995 3062 qui
2054 2992 2155 3041 re·

289 3109 527 3181 guntin·
578 3095 855 3165 infinitae
897 3095 1032 3165 fere
1082 3111 1149 3164 et
1208 3115 1471 3165 numero
1527 3110 1590 3163 et
1647 3113 1866 3180 genere
1916 3091 2157 3176 cupidi-

291 3224 451 3281 tate·
508 3226 684 3281 eunt.
791 3212 976 3281 Hanc
1031 3213 1358 3282 hominum
1397 3212 1465 3280 in
1507 3212 1759 3281 civitate
1803 3210 2152 3278 varietatem

296 3330 607 3401 attendere
623 3377 652 3413 ‚
713 3330 1072 3416 perspicere
1133 3328 1489 3415 praesertim
1506 3373 1532 3411 ,
1591 3326 2104 3411 quemadmodum
2126 3373 2151 3405 ‚

301 3445 692 3516 moderandis
740 3448 1288 3532 temperandisque
1339 3443 1785 3513 diversissimis
1838 3441 2013 3509 hisce
2044 3441 2161 3506 ho·

303 3559 544 3628 minum
576 3559 979 3632 facultatibus
1018 3579 1082 3632 et
1117 3562 1387 3646 studiis,
1432 3559 1622 3629 saluti
1665 3556 2025 3644 prospicere
2074 3557 2165 3622 ci·

299 3677 516 3747 vitatis
570 3680 791 3762 liceat,
851 3679 1087 3749 frustra
1142 3678 1477 3748 conabitur
1542 3692 1736 3758 sane,
1793 3674 1904 3756 qui
1976 3672 2163 3740 animi

302 3795 557 3864 humani
612 3773 918 3864 naturumz
962 3814 1095 3863 non
1157 3811 1351 3864 totam
1407 3791 1846 3879 exploraverit.
1931 3790 2103 3877 Quid
2126 3787 2160 3856 ἲ

1988 3905 2161 3987 quod

371 4020 454 4117 (ι)
489 4049 634 4117 nep.
659 4042 829 4102 vm.
859 4047 1041 4104 intuo.
