2792 5167
1479 486 1875 567 *19⁸*-

741 673 945 740 ‘dictus
989 668 1095 734 sit.
1146 669 1210 715 <²³
1250 665 1448 751 Quod
1488 663 1684 750 igitur
1722 669 1789 735 in
1828 664 2069 734 fabulis
2123 665 2415 740 fecerunt
2462 675 2627 757 pot.-

730 803 832 859 αι
853 838 877 872 ,
922 790 1046 855 hoc
1090 779 1515 857 dubitabimus
1570 799 1721 848 num
1770 781 1834 848 in
1886 783 2151 868 dialogis
2204 784 2439 852 fecerit
2476 788 2624 855 Pla·

731 921 803 974 to
822 907 859 973 ¹3
901 906 976 972 In
1021 900 1286 984 dialogis
1310 947 1335 980 ‚
1382 899 1672 982 inquam,
1718 900 1833 982 qui
1894 902 2180 984 quamvis
2216 903 2626 988 ,dramatibus

731 1013 1011 1104 similes,
1074 1019 1200 1085 imo
1256 1016 1380 1099 ipsi
1442 1018 1715 1083 dramata
1776 1018 2092 1102 vocandi,
2165 1020 2465 1105 proxime
2528 1035 2627 1087 ta-

729 1157 874 1206 men
912 1139 991 1203 ad
1028 1132 1505 1217 philosophicas
1551 1131 1861 1199 referendi
1897 1150 2050 1204 sunt
2089 1137 2621 1221 disquisitiones·

726 1257 916 1325 Dicat
948 1250 1143 1335 igitur
1183 1248 1459 1330 quisque
1501 1249 1669 1332 apud
1704 1249 2021 1317 Platonem
2069 1273 2106 1318 e
2157 1275 2278 1324 sua
2319 1272 2385 1322 et
2428 1257 2632 1326 indo*

726 1377 904 1462 leet
941 1365 1226 1436 doctrina
1284 1365 1346 1432 et'
1401 1364 1747 1431 disserendi
1806 1366 2045 1432 tatione
2063 1414 2087 1449 ,
2125 1371 2395 1454 exagitet
2450 1376 2627 1439 adeo

728 1495 796 1559 'et
856 1485 1235 1573 perstringat
1294 1483 1631 1566 Socrates,
1700 1502 1858 1566 quae
1916 1504 1952 1549 a
2000 1485 2280 1552 Phaedro
2324 1503 2388 1554 et
2439 1490 2628 1573 Aga-

723 1610 921 1676 thone
978 1604 1145 1671 dicta
1198 1601 1488 1669 fuerant:
1534 1599 1731 1684 spirat
1777 1615 1982 1668 tamen
2039 1601 2107 1668 in
2149 1603 2451 1671 omnibus
2505 1626 2623 1673 eo·

725 1745 866 1792 rum
917 1720 1315 1790 sermonibus
1354 1718 1579 1802 genius
1612 1718 1935 1804 Platonis,
1982 1720 2047 1787 in
2100 1720 2245 1788 iuis.
2283 1741 2441 1790 vero
2492 1743 2619 1809 po·

721 1841 1086 1921 tissimum,
1152 1855 1314 1919 quos
1395 1835 1685 1901 Socrates
1750 1837 2047 1905 habuisse
2112 1859 2257 1906 cum
2314 1839 2621 1909 Diotima

723 1958 975 2027 dicitur.
1065 1954 1158 2021 Hi
1223 1969 1430 2020 autem
1514 1952 1600 2020 ita
1675 1973 1941 2039 prorsus
2025 1971 2177 2024 sunt
2243 1956 2617 2042 Platonici,

726 2093 980 2158 tamque
1061 2063 1345 2140 accurate
1426 2072 1676 2138 tradunt
1738 2072 2109 2158 philosophi
2162 2076 2240 2141 de
2308 2073 2474 2142 ideis
2546 2093 2623 2142 et

720 2212 967 2262 summo
1011 2187 1453 2275 philosophiae
1490 2188 1827 2272 proposito
1875 2191 2287 2275 sententiam,
2330 2207 2406 2259 ut
2448 2195 2615 2264 doo-

719 2311 917 2379 ‘ttinae
954 2304 1310 2375 Platonicae
1351 2304 1679 2375 universae
1736 2320 1980 2373 tantum
2031 2326 2164 2375 non
2222 2310 2614 2398 descriptio-

717 2433 866 2497 'nem
912 2424 1295 2497 contineant.

799 2550 983 2631 Quae
1023 2563 1165 2607 cum
1222 2542 1308 2608 ita
1364 2541 1543 2623 sint,
1586 2542 1729 2614 fuse
1767 2562 1886 2610 nos
1940 2546 2109 2610 hunc
2157 2549 2371 2612 locum
2432 2563 2608 2615 tmo-
2686 2557 2695 2570 “

720 2663 994 2731 lavimus
1040 2674 1103 2725 et
1161 2656 1367 2725 fusius
1413 2660 1611 2738 adeo,
1658 2679 1846 2739 quam
1888 2663 2106 2726 multis
2165 2661 2332 2728 forte
2373 2680 2603 2747 aptum

718 2795 832 2848 aut
867 2775 1289 2845 necessarium
1328 2772 1640 2841 videatur.
1728 2774 1853 2840 Est
1901 2774 2065 2841 enim
2116 2777 2269 2843 haec
2314 2782 2605 2867 vulgaris

713 2897 1045 2965 hominum
1085 2892 1483 2960 consuetudo
1501 2940 1528 2973 ,
1573 2905 1646 2957 ut
1692 2909 1850 2973 quae
1909 2890 1977 2956 in
2020 2894 2267 2977 placitis
2308 2913 2602 2966 veterum

719 3034 869 3082 suae
909 3008 1253 3078 sententiae
1301 3027 1582 3090 suaeque
1633 3006 1820 3073 aetati
1870 3010 2255 3079 conveniunt
2276 3060 2300 3095 ,
2344 3016 2603 3082 studio·
2644 3067 2649 3074 .

717 3151 791 3198 se
831 3128 1205 3213 exquirant:
1253 3144 1416 3208 quae
1474 3143 1631 3191 vero
1678 3123 2018 3195 abhorrent
2061 3127 2248 3213 inde,
2302 3134 2403 3198 vel
2450 3133 2601 3200 mit-

715 3263 853 3313 tant
907 3248 1088 3328 plane
1152 3244 1254 3309 vel
1297 3241 1716 3328 negligentius
1774 3257 2082 3329 tractent,
2141 3246 2381 3315 etiamsi
2439 3252 2595 3318 haec
2694 3321 2697 3328 ,

717 3382 979 3446 eorum,
1034 3381 1195 3444 quae
1250 3363 1502 3427 laudant
1530 3408 1555 3441 ,
1620 3359 1796 3427 initia
1837 3375 1903 3427 et
1940 3363 2120 3444 quasi
2158 3363 2595 3434 seminacon-

713 3486 977 3553 tineant.
1059 3479 1288 3562 Itaque
1355 3478 1845 3563 metaphysicam-
1904 3477 2182 3547 Platonis
2203 3526 2229 3562 ‚
2311 3479 2594 3551 dialecti·

713 3618 1154 3684 cam‚morum
1182 3574 1569 3679 doctrinam,
1612 3592 1974 3680 politicam,
2022 3595 2182 3664 adde
2206 3593 2295 3664 'et
2339 3597 2592 3669 theolo-

715 3721 878 3805 giam
901 3736 970 3784 ac
988 3699 1442 3798 cosmologiam
1493 3725 1781 3779 accurate
1820 3709 1953 3780 fere
1993 3712 2249 3781 trudunt
2283 3715 2587 3803 interpre-

712 3850 860 3918 tes3
907 3833 1018 3900 sed
1063 3832 1287 3918 placita
1327 3831 1407 3897 de
1443 3847 1694 3912 amore,
1735 3841 1977 3896 tantum
2017 3831 2197 3898 abest
2232 3848 2307 3900 ut
2340 3833 2582 3903 'semina

743 3945 750 3952 .
1568 3959 1573 3970 ,
2479 3972 2577 4018 es-

785 4088 872 4162 (ι)
910 4085 984 4137 v.
1019 4100 1184 4155 supr·
1221 4104 1274 4154 p.
1313 4099 1429 4138 n..
1468 4087 1757 4140 camum.
1796 4085 1939 4140 nim.
1978 4087 2083 4140 Gr.
2122 4086 2252 4140 vot.
2287 4087 2368 4140 n.
2406 4067 2573 4156 μζ».
