2792 5167
986 371 1384 454 -169-

241 557 421 633 τικῆν
462 572 710 620 omnem
734 601 758 635 ,
804 574 958 636 quae
1003 553 1300 619 sensibus
1341 552 1820 636 gratificaretur.
1873 552 1936 595 (¹³
1996 548 2115 616 Sed

250 671 524 755 dialogis
561 673 698 756 ipse
754 671 885 737 suis
946 673 1231 755 pulcrum
1296 670 1646 753 expressit,
1714 667 1889 751 quod
1952 667 2118 733 idern

255 805 425 855 esset
482 790 719 855 bonum
747 838 772 869 ,
836 792 1102 873 exempla
1158 789 1365 872 poetis
1427 804 1491 853 et
1544 787 1899 853 oratoribus
1940 784 2120 849 exhi-

249 907 413 975 bens
439 927 666 1005 ,lquae
699 909 776 973 ad
809 908 1043 989 generis
1085 907 1337 971 humani
1387 907 1649 973 salutem
1696 903 2108 969 imitarentur.

249 1025 408 1113 Quo
461 1026 651 1108 magis
722 1025 873 1091 adeo
910 1042 1186 1109 pateret,
1230 1040 1623 1090 contemnere
1662 1042 1733 1088 se
1774 1025 2061 1104 pulcrum
2081 1063 2117 1106 ,-

246 1142 427 1224 quod
459 1161 585 1207 non
623 1140 786 1209 idem
828 1158 996 1208 esset
1026 1142 1270 1204 bonum
1289 1141 1596 1219 ,animum
1627 1155 1832 1203 autem
1861 1140 2103 1205 bonum

240 1278 479 1342 corpus
519 1259 764 1325 efficere
813 1256 1264 1341 pulcerrimum
1291 1302 1315 1335 ,
1357 1255 1772 1322 Theaetetum
1825 1255 2065 1320 induxit
2087 1304 2111 1336 ,

239 1377 310 1441 in
390 1374 775 1458 cognomine
835 1373 1090 1453 dialogo
1113 1418 1138 1452 ,
1203 1370 1373 1453 turpi
1432 1371 1640 1453 speeie
1663 1418 1687 1451 ,
1771 1386 1937 1437 certe
1987 1389 2117 1436 non

244 1491 544 1558 formosa
572 1538 596 1572 ,
662 1490 776 1557 sed
829 1509 905 1553 eo
969 1487 1218 1572 ingenio
1239 1536 1262 1566 ,
1308 1507 1380 1553 eo
1445 1488 1628 1553 animi
1693 1489 1958 1554 candore
1978 1535 2002 1568 ,
2045 1493 2118 1554 ea

250 1606 522 1675 omnino
551 1606 972 1687 amabilitate,
1021 1620 1092 1672 ut
1131 1607 1341 1671 nullus
1382 1606 1448 1671 in
1490 1609 1623 1691 ejus
1666 1604 1919 1688 scriptis
1973 1606 2123 1672 ado·

243 1728 493 1793 lescens
533 1726 719 1793 nobis
762 1746 832 1791 se
872 1724 1266 1790 commendet
1307 1723 1528 1807 magis.
1615 1723 1746 1809 Qui
1786 1738 1938 1806 post
1977 1724 2117 1790 Pla-

244 1859 462 1911 tonem
549 1843 911 1910 exstiterunt
987 1842 1403 1927 philosophi,
1447 1858 1771 1924 praecepta
1827 1842 2111 1924 plerique

245 1961 636 2026 tradiderunt
733 1962 836 2025 vel
903 1936 1054 2025 artis
1125 1961 1228 2025 vel
1309 1958 1629 2025 doctrinae
1714 1958 2062 2023 tractandae
2087 2008 2111 2039 ,

249 2076 432 2160 quod
477 2075 726 2142 minime
783 2094 930 2143 sane
977 2077 1257 2159 neglexit
1306 2077 1526 2158 Plat03
1596 2076 1710 2142 sed
1761 2075 1903 2157 hic,
1965 2075 2122 2141 scri-

157 2282 176 2309 ·
243 2194 456 2260 bendo
500 2193 563 2260 in
597 2194 869 2278 primiS,
915 2214 1102 2278 opera
1144 2194 1210 2259 in
1257 2195 1469 2261 lucem
1515 2194 1757 2275 edidit,
1803 2213 1838 2259 e
1883 2193 2117 2276 quibus

247 2312 378 2395 ipsi
437 2328 761 2396 praecepta
788 2328 1164 2396 peteremus.
1252 2311 1448 2398 Quod
1478 2328 1549 2377 ut
1592 2311 1660 2376 in
1699 2310 1956 2376 eroticis
1984 2311 2117 2394 ejus

219 2430 502 2515 ¹scriptis
554 2432 680 2516 jam
745 2428 894 2497 satis
947 2429 1137 2496 nobis
1192 2429 1439 2513 patuit,
1498 2429 1585 2494 ita
1646 2428 1891 2511 patebit
1948 2428 2123 2507 dein·

243 2549 320 2613 de
363 2548 429 2614 in
483 2547 608 2614 illis
631 2590 656 2623 ‚
725 2565 884 2629 quae
953 2546 1230 2613 studium
1290 2526 1424 2613 veri
1492 2562 1554 2612 et
1591 2548 1728 2613 veri
1776 2566 2121 2628 assequen-

247 2665 314 2729 di
376 2679 571 2729 artem
623 2680 935 2745 spectatum
1018 2662 1238 2726 Totus
1299 2663 1683 2727 Theaetetus
1706 2708 1731 2740 ,
1794 2676 1857 2724 et
1920 2662 2116 2742 magis

251 2779 440 2845 etiam
505 2778 809 2859 sophista
862 2793 924 2840 et
956 2776 1262 2843 Politicus
1287 2823 1311 2858 ,
1372 2777 1723 2858 exemplum
1779 2791 1876 2840 est
1905 2778 2135 2841 dialece

253 2895 416 2964 ticae
452 2893 831 2963 exercendae
855 2893 1044 2975 artis,
1094 2911 1278 2976 quam
1323 2893 1390 2958 in
1418 2893 1697 2960 Phaedro
1735 2907 1874 2958 ante
1914 2895 2135 2959 adum-2

250 3014 544 3080 braverat
612 3027 677 3078 et
747 3028 968 3096 postea
1030 3010 1098 3076 in
1173 3010 1394 3103 Politia
1470 3011 1939 3094 diligentissime
2015 3015 2124 3079 de-

247 3132 548 3217 scripsit:
617 3129 1000 3196 Theaetetus
1058 3146 1207 3196 vero
1281 3128 1667 3213 disciplinam
1739 3131 2112 3198 Socraticam

252 3256 636 3332 μαιιευτικὴν,
710 3247 892 3333 quasi
951 3248 1018 3314 in
1092 3245 1285 3331 effigie
1344 3246 1534 3314 nobis
1596 3252 1921 3333 proponit.
2009 3252 2125 3317 Sic*

253 3362 424 3429 Plato
451 3386 604 3447 quae
640 3369 741 3432 vel
791 3366 1045 3449 ingenio
1075 3364 1531 3447 excogitaverat
1553 3415 1577 3448 ,
1599 3369 1703 3431 vel
1741 3367 1951 3431 animo·
1982 3386 2125 3430 sen·

258 3477 491 3562 tiebat,
543 3499 672 3546 non
724 3483 1047 3549 sententiis
1112 3481 1484 3564 quibusdam
1547 3497 1656 3547 aut
1702 3483 2131 3548 ratiocinando

259 3612 324 3662 et
401 3601 874 3680 argumentando
895 3648 919 3682 ,
982 3600 1142 3681 sed,
1202 3601 1401 3666 instar
1479 3606 1803 3681 poetarum
1827 3647 1850 3679 ,
1898 3598 2132 3684 for-md

253 3713 592 3800 praecipue
648 3714 1018 3801 scriptorum
1057 3702 1354 3799 exposuit
1405 3731 1466 3781 et
1525 3714 1856 3799 expressit.
1942 3717 2129 3784 Fuis-

2056 3855 2126 3903 se

329 3965 413 4039 (1)
452 3964 590 4037 λῳ.
634 3966 710 4022 X.
745 3965 868 4040 59⁵·
903 3967 960 4023 B.

1123 4068 1184 4137 L
1230 4088 1272 4158 5
