2792 5167
1445 478 1857 526 —100-u.

709 656 853 705 nem
888 641 1438 724 reprehenderent,
1464 643 2022 723 calumniarentur,
2046 659 2158 708 nec
2197 642 2393 727 ipsius
2425 656 2557 725 par·

705 772 916 823 cerent
981 757 1256 823 Socratis
1305 756 1550 824 virtuti.
1595 755 1657 800 <¹³
1740 756 2029 841 Quorum
2083 777 2231 824 sane
2293 757 2560 824 omnium

707 872 897 955 nobis
937 873 1096 940 ratio
1149 873 1430 939 habenda
1460 873 1576 939 erit
1624 872 1690 937 in
1742 873 1916 939 hisce
1974 874 2558 957 disquisitionibus3

699 972 838 1057 Sed*
875 988 1210 1075 imprimis
1261 1010 1522 1073 eorum,
1568 990 1680 1072 qui
1741 1004 1865 1057 tam
1924 991 2140 1074 inique
2179 995 2257 1059 de
2318 994 2558 1059 Socrate

671 1122 774 1191 ‘et
813 1108 1067 1175 Platone
1095 1108 1493 1193 judicarunt,
1537 1109 1662 1174 imo
1703 1096 1854 1174 vero
1907 1108 2276 1176 sententiam
2329 1109 2408 1175 iis
2453 1107 2555 1174 ob-

703 1238 1026 1290 truserunt
1049 1273 1076 1306 ,
1154 1225 1438 1309 ipsorum
1520 1223 1765 1308 placitis
1843 1225 2353 1309 propositisque,
2390 1227 2545 1308 plan·

705 1342 1101 1410 contrariam.
1193 1345 1322 1410 Sed
1379 1358 1457 1409 ut
1499 1342 1775 1426 quisque
1800 1332 1905 1407 ‘de
1958 1342 2057 1407 his
2101 1342 2396 1408 omnibus
2432 1341 2533 1424 ips

699 1459 983 1543 judicet,
1050 1478 1179 1525 non
1228 1462 1306 1527 ab
1373 1460 1572 1527 aliena
1626 1462 1891 1542 pendeat
1963 1459 2300 1543 opinione,
2370 1476 2548 1523 unun

697 1579 1089 1662 alterumque
1136 1597 1570 1662 percurramus
1622 1578 1899 1644 Platonis
1936 1578 2292 1663 dialogumr
2341 1588 2406 1642 et
2444 1574 2563 1659 pri·

705 1712 877 1759 mum
925 1695 1176 1775 quidem
1239 1696 1469 1775 illum,
1535 1695 1646 1774 qui
1730 1695 1985 1761 Phaedri
2024 1696 2298 1761 momine
2356 1692 2566 1760 inscri-

706 1810 879 1875 bitur
951 1823 1015 1873 et
1104 1809 1312 1874 locum
1368 1810 1493 1893 jam
1550 1809 1739 1875 nobis
1795 1811 2222 1893 suppeditavit
2290 1802 2551 1877 de‘vitae

702 1927 903 1993 beata.
993 1926 1219 2010 Capiet
1275 1945 1395 1993 nos
1455 1926 1761 1993 continuo
1826 1946 2124 2011 generosa
2162 1929 2427 1995 Phaedri
2474 1928 2540 1994 in

697 2046 875 2111 doles
922 2064 1067 2111 cum
1127 2044 1387 2112 Socrate
1440 2045 1900 2111 confabulantis
1958 2043 2371 2128 suavissime,
2431 2060 2547 2111 tun

703 2162 978 2229 Socratis
1017 2158 1137 2227 nos
1198 2162 1403 2245 capiet
1432 2208 1455 2255 ,
1496 2162 1622 2226 imo
1676 2162 1958 2228 movebit
2003 2163 2070 2228 in
2113 2177 2356 2246 turpem
2397 2182 2555 2229 amo

697 2297 826 2342 rem
859 2278 1085 2342 oratiO.
1177 2278 1301 2343 Sed
1330 2297 1459 2341 rem
1489 2276 1567 2342 ab
1622 2277 1878 2343 exordio
1915 2277 2055 2343 inde
2109 2296 2528 2362 exponamus.

786 2394 1147 2461 Sermonem
1216 2412 1254 2458 a
1331 2392 1531 2476 Lysia
1590 2409 1911 2478 acceperat
1985 2395 2343 2477 Phaedrus,
2430 2415 2541 2477 qu«

691 2514 1093 2578 contenderat
1145 2509 1298 2591 ille„
1364 2510 1590 2575 amanti
1650 2529 1781 2575 non
1852 2510 2315 2594 gratificandum
2373 2530 2523 2577 esse

673 2628 806 2694 ·sed
866 2629 967 2710 ei,
1046 2626 1156 2709 qui
1222 2644 1354 2692 non
1432 2640 1705 2691 amaret:
1785 2628 1954 2695 hunc
2042 2627 2204 2692 enim
2272 2626 2531 2693 sedatur

696 2762 834 2812 esse
869 2761 932 2812 ct
981 2745 1291 2829 placidum
1318 2791 1342 2826 ,
1408 2743 1584 2809 illum
1632 2762 1785 2809 vero
1844 2743 2320 2810 vehementibus
2369 2743 2576 2830 agita-

692 2865 749 2930 ri
803 2862 1054 2930 studiis.
1141 2864 1348 2947 Quem
1417 2876 1493 2927 ut
1545 2876 1863 2945 acceperat
1884 2908 1910 2942 ,
1987 2861 2144 2927 urbe
2195 2861 2567 2947 egreditur,

692 3000 765 3049 ut
798 2986 975 3048 solus
1025 2980 1349 3047 ambulans
1381 2980 1784 3048 meditaretur
1836 3000 1977 3048 eum
2036 2980 2342 3047 studiose.
2390 2982 2573 3050 Nam

689 3112 1008 3165 oratorum
1085 3096 1365 3159 omnium
1434 3094 1695 3179 Lysiam
1761 3097 2176 3163 admirabatur
2242 3097 2517 3164 maxime
2546 3146 2577 3182 ,

690 3234 822 3296 quo
888 3230 1017 3278 non
1070 3211 1330 3294 putabat
1383 3210 1680 3278 disertius
1757 3232 1950 3296 posse
2037 3231 2412 3295 quemquam
2502 3232 2574 3282 et

689 3329 972 3397 ornatius
1032 3327 1261 3395 dicere.
1347 3328 1718 3396 Ambulanti
1784 3345 1990 3395 autem
2047 3343 2111 3392 et
2180 3327 2572 3415 meditanti,

661 3448 869 3517 cece!
917 3446 1150 3514 obvius
1193 3460 1289 3511 est
1345 3445 1402 3511 ei
1445 3448 1780 3525 SocrateS,
1827 3444 1939 3527 qui
1979 3445 2232 3528 penitus
2273 3462 2572 3527 cognos-

681 3587 832 3635 cens
889 3568 1180 3651 juvenem
1204 3612 1228 3646 ,
1272 3579 1346 3629 ut
1409 3581 1639 3629 nomen
1684 3560 1925 3627 audivit
1979 3560 2213 3645 Lysiae
2236 3610 2261 3645 ,
2305 3565 2575 3648 perspi..

679 3690 770 3751 cit
840 3684 1146 3751 continuo
1176 3731 1199 3764 ,
1249 3680 1402 3765 quid
1475 3680 1647 3746 intus
1703 3678 1894 3764 agitet
1947 3678 2199 3761 animo,
2245 3694 2571 3764 rogatque

689 3818 830 3868 eum
855 3846 879 3881 ,
923 3816 996 3868 ut
1051 3814 1262 3866 secum
1319 3794 1739 3869 communicet
1807 3795 2249 3881 pulcerrimum
2306 3796 2568 3865 scilicet

2473 3907 2563 3971 il-

641 4054 654 4063 ,
756 4008 840 4076 (ι)
876 4006 952 4057 V.
988 4007 1219 4060 Gesneri
1288 4012 1540 4063 Socrates
1579 4018 1805 4065 sanctus
1846 4012 2182 4087 paederos-ta
2230 4010 2290 4066 in
2346 4015 2563 4067 comm·

684 4107 843 4193 Gli-tt.
890 4104 975 4161 ed.
1018 4106 1154 4158 item
1176 4106 1325 4175 Traj.
1362 4107 1432 4160 ad
1460 4108 1564 4162 nh.
1605 4111 1754 4181 1769.
