2792 5167
839 1014 1439 1088 PLATOMS

558 1266 690 1331 DE
766 1270 1135 1338 RBBUS
1202 1275 1698 1342 nlvlnls

911 1500 1313 1566 utura,

960 2100 979 2121 ο
1092 2066 1333 2131 Ὀωιοῦν
1385 2069 1600 2144 &ruste
1641 2069 1672 2130 3
1711 2092 1783 2146 γε
1821 2072 1937 2140 θεὶς
1972 2077 2057 2143 τῷ

1023 2145 1147 2206 ὅντα
1199 2166 1269 2205 τε
1311 2149 1411 2205 καὶ
1454 2149 1696 2206 Mna-eon
1739 2144 1922 2209 οὕτως
1956 2170 2053 2187 -

1021 2224 1102 2283 ‘rt
1133 2221 1275 2293 μῆνε

274 2433 510 2561 Quod
551 2470 819 2539 diximus
861 2471 928 2537 in
967 2472 1312 2556 superioris
1356 2474 1615 2539 exordio
1663 2471 2058 2556 disquisitio·

182 2588 340 2670 nis,
382 2590 834 2653 instaurandam
876 2589 989 2654 hac
1032 2588 1097 2654 in
1142 2589 1361 2671 primis
1409 2605 1608 2655 aetate
1650 2594 1867 2656 nostra
1913 2590 2061 2673 phi-

186 2704 538 2784 losophiam
598 2704 973 2771 Socraticam
1023 2721 1082 2770 et
1129 2706 1507 2771 Platonicam
1552 2725 1728 2786 esse,
1777 2708 2048 2788 pertinet

174 2818 339 2885 illud
387 2820 463 2884 ad
510 2819 638 2884 veri
694 2836 756 2884 et
810 2822 1003 2902 magis
1048 2820 1227 2886 etiam
1274 2823 1349 2885 ad
1387 2822 1545 2906 justi
1587 2820 2048 2903 philosophiam

174 2953 323 3000 cum
369 2938 797 3002 emendandam
847 2936 1013 3021 apud
1050 2955 1219 3017 nos,
1267 2952 1397 3001 tum
1446 2936 1641 3002 firmis
1689 2935 2051 3002 fundamen-

180 3050 273 3118 tis
326 3051 789 3136 stabiliendam3
862 3053 974 3119 sed
1034 3055 1219 3136 longe
1274 3052 1552 3118 omnium
1615 3052 1875 3118 maxime
1926 3053 2049 3116 huc

180 3186 466 3254 spectat,
515 3184 586 3235 ut
642 3171 857 3253 religio
912 3170 1243 3252 aliquando
1282 3186 1500 3235 nostra
1538 3188 1682 3235 cum
1729 3172 1876 3234 vera
1911 3168 2054 3249 phl-

183 3285 475 3369 Iosophia
512 3287 902 3353 concilietur.
970 3288 1164 3371 Quod
1190 3301 1254 3350 ut
1275 3299 1575 3369 optarunt
1605 3285 1838 3369 magist,
1864 3302 2045 3365 quam

177 3420 432 3484 «sperare
474 3403 607 3468 ausi
651 3404 1107 3487 sunt-majores
1164 3402 1415 3481 nostri,
1473 3401 1557 3466 ita
1620 3418 1835 3466 nostra
1883 3413 2047 3464 aetas

186 3536 396 3599 reapse
426 3519 730 3602 consequi
772 3523 1012 3584 summa
1053 3537 1175 3600 ope
1214 3517 1464 3584 nititur.
1558 3517 1765 3597 Nam,
1812 3514 2046 3597 qualis-

186 3652 436 3718 cunque
509 3636 751 3702 tandem
823 3636 907 3701 sit
973 3636 1158 3701 hodie
1220 3634 1661 3717 philosophiae
1718 3631 2042 3714 conditi0‚

182 3747 516 3815 abhorrent
555 3769 772 3816 omnes
809 3770 843 3815 a
881 3752 1195 3832 protervia
1238 3752 1339 3816 illa
1379 3768 1449 3815 ac
1493 3750 1882 3833 petulantia,
1920 3769 2043 3832 qua

192 3866 533 3949 superioris
598 3867 827 3933 saeculi
893 3868 1257 3950 philosophi
1314 3867 1629 3952 despicere
1677 3866 2036 3950 religionem

193 3998 509 4067 nostram,
546 3984 674 4051 imo
723 3983 971 4052 irridere
1013 3985 1065 4050 ei
1109 3986 1420 4052 solebant.
1489 3986 1719 4052 Fortia
1738 3989 2038 4069 ingenia,

184 4118 339 4184 quae
397 4115 529 4168 tum
586 4102 1096 4184 celebrabantur,
1155 4103 1279 4169 acsi
1326 4103 1578 4170 sibimet
1617 4101 1757 4186 ipsa
1795 4098 2037 4167 suffice-

1869 4231 2051 4299 rent,
