2792 5167
1390 455 1785 533 3-132—

662 605 909 700 entire}
964 605 1253 697 inum.
1346 628 1616 713 Legenti
1670 625 1840 697 certe
1889 643 1954 696 et
1996 629 2143 696 haec
2199 627 2332 696 virt·
2363 633 2515 713 ope-

670 739 734 815 'r'a
784 747 1074 834 palmaria
1118 761 1183 814 et
1238 744 1676 814 Memorabilia
1738 745 1930 827 item,
1991 746 2100 813 vix
2139 745 2293 813 mihi
2342 746 2530 830 quid·

664 857 861 950 3quarn
922 863 1233 945 occurrit,
1293 863 1445 945 quin
1501 864 1804 945 admirer3
1852 863 1916 929 in
1962 863 2073 930 illo
2118 880 2272 931 vero
2330 883 2527 947 opus·

668 985 820 1049 ‘culo
872 989 1003 1047 non'
1058 997 1260 1065 pauca
1318 993 1607 1060 exstant,
1653 980 1717 1045 in
1774 979 2006 1062 quibus
2071 980 2179 1048 vix
2227 998 2530 1065 agnosce·

672 1091 747 1167 're
785 1095 1090 1184 integrum
1123 1097 1292 1163 illum
1326 1094 1761 1180 Xenophontis
1804 1096 2370 1181 incorruptumque
2393 1100 2530 1165 ele-

676 1219 953 1305 gantiae.
984 1231 1232 1283 sensum
1300 1213 1472 1279 licet.
1559 1211 1828 1279 Videtur
1892 1227 2150 1297 auctor,
2216 1216 2394 1298 quod
2458 1216 2528 1282 in

682 1323 966 1408 Luciam
1021 1331 1578 1401 animadvertemus
1619 1330 1976 1415 praesertim
2002 1376 2026 1412 ‚
2066 1329 2376 1398 levitatem
2417 1350 2532 1398 co·

676 1441 983 1522 micorum
1021 1439 1167 1519 cum
1217 1447 1528 1516 Socratica
1581 1445 1824 1515 ratione
1871 1450 2250 1534 conjungere
2287 1449 2535 1516 voluis.

683 1591 794 1640 se:
884 1567 1058 1654 quod
1117 1565 1234 1635 ne‘c
1296 1565 1505 1633 voluit
1562 1584 1678 1633 nee
1739 1562 1892 1631 fecit
1940 1565 2143 1632 Plato.
2271 1562 2530 1632 Utinam

670 1675 832 1755 ‘uero
852 1685 1216 1754 Aristotelis
1236 1696 1638 1765 superessent
1672 1682 1941 1768 dialogi,
1967 1700 2131 1766 quos
2168 1681 2272 1754 hic
2301 1685 2532 1750 multos

680 1817 747 1874 et
786 1801 1072 1894 egregios
1116 1798 1446 1883 scripsisse
1496 1798 1763 1865 dicitur!
1809 1799 1952 1866 Hos
1997 1817 2225 1884 operae
2261 1797 2530 1883 pretium

672 1925 855 2014 'esset
903 1939 1048 1989 cum
1093 1916 1430 1987 Platonicis
1472 1912 1782 1982 conferre.
1865 1914 2029 1981 Nam
2052 1961 2075 1995 ,
2117 1929 2192 1981 ut
2228 1935 2341 1983 sua
2378 1933 2530 1981 usus

682 2023 782 2106 'es't
841 2038 908 2104 in
963 2032 1469 2120 philosophando
1526 2047 1592 2097 et
1633 2032 1876 2099 ratione
1928 2047 1993 2098 et
2042 2032 2359 2114 oratione,
2401 2031 2532 2113 ita,
2641 2041 2650 2050 ·

676 2139 827 2222 ‘eum
902 2147 1200 2217 scriberet
1276 2147 1560 2232 dialogos
1582 2194 1608 2227 ‚
1695 2149 2020 2234 probabile
2075 2165 2173 2218 est
2193 2199 2218 2234 ,
2300 2150 2357 2217 si
2406 2169 2537 2218 non

682 2273 908 2342 melius
934 2316 958 2352 ‚
1000 2266 1310 2351 peculiare
1345 2266 1518 2331 hunc
1558 2281 1729 2332 certe
1775 2266 2160 2352 dialogorum
2202 2285 2397 2352 gatus
2443 2269 2539 2335 in-

686 2371 964 2460 auxisse.
1093 2385 1249 2452 Non
1307 2383 1472 2450 enim
1529 2382 1841 2450 subtilitas
1904 2382 2185 2469 ingenii,
2267 2396 2339 2451 ut
2389 2385 2538 2451 sunt

690 2507 801 2592 qui
841 2515 1109 2592 putent,
1154 2497 1524 2587 prohibuit,
1570 2519 1702 2581 quo
1761 2499 1968 2568 minus
2008 2503 2318 2586 eleganter
2355 2503 2541 2568 simul

691 2605 754 2688 'et
805 2632 987 2686 acute
1037 2613 1357 2682 scriberet.
1490 2613 1892 2682 Contrarium
1956 2615 2142 2681 nobis
2213 2620 2544 2701 persuadet

689 2721 918 2811 Cicero
944 2785 970 2821 ‚
1056 2735 1168 2817 qui
1225 2734 1317 2800 nil
1368 2750 1447 2799 eo
1504 2749 1648 2798 esse
1701 2732 1942 2799 acutius
1966 2779 1991 2814 ‚
2077 2729 2234 2799 nihil
2285 2733 2544 2818 politius

690 2856 952 2923 statuit=
1039 2847 1201 2920 ide'm
1252 2849 1407 2916 adeo
1468 2848 1531 2914 in
1582 2849 1942 2916 celebranda
1999 2851 2136 2935 ejus
2215 2852 2542 2931 oratione,

691 2990 822 3039 non
866 2968 1072 3035 minus
1127 2985 1311 3049 quam
1391 2966 1459 3031 in
1514 2966 1844 3047 Platonis,
1895 2965 2018 3031 sibi
2083 2967 2398 3051 placuisse
2449 2968 2550 3034 vi·
2597 3035 2610 3044 ,

688 3083 892 3150 detur.
1002 3079 1436 3147 Incredibilem
1491 3098 1632 3147 esse
1655 3126 1681 3161 ‚
1743 3080 1826 3146 ait
1847 3126 1872 3161 ‚
1935 3078 2000 3144 in
2061 3080 2412 3147 Aristotele
2453 3083 2549 3150 di-

690 3181 872 3286 cendi
947 3200 1195 3283 copiam
1251 3212 1315 3264 et
1388 3195 1794 3264 suavitatem:
1873 3195 2138 3264 fundere
2201 3214 2341 3263 eum
2406 3199 2545 3280 pla-

690 3339 774 3389 ne
827 3319 1058 3387 flumen
1116 3315 1418 3381 orationis
1460 3332 1756 3381 aureum:
1800 3313 2100 3379 neminem
2149 3332 2224 3379 eo
2281 3314 2347 3380 in
2391 3315 2551 3382 scri·

687 3437 897 3506 bendo
952 3432 1376 3504 nervosiorem
1444 3429 1676 3498 fuisse:
1756 3430 2129 3496 aemulatum
2187 3430 2343 3497 adeo
2401 3451 2546 3502 cum

689 3555 835 3642 ipso
868 3555 1149 3621 Isocrate
1205 3549 1401 3617 fuisse
1455 3564 1520 3616 et
1590 3547 1981 3615 lacessivisse
2028 3547 2197 3614 hunc
2249 3549 2551 3616 orationis

691 3663 941 3735 ornatu‘.
1068 3667 1255 3735 Haud
1312 3667 1396 3734 ita
1441 3665 1557 3732 rari
1614 3666 1780 3749 apud
1829 3664 2174 3749 antiquos,
2263 3681 2334 3733 ut
2383 3665 2548 3751 apud

686 3797 810 3874 nos
837 3830 863 3865 ‚
925 3797 1100 3851 erant
1124 3831 1149 3866 ‚
1208 3784 1317 3866 qui
1369 3781 1683 3867 cogitandi
1741 3780 2149 3847 subtilitatem
2187 3793 2354 3849 'cum
2401 3781 2550 3845 scri-

684 3885 874 3966 bendi
913 3885 1218 3982 elegantia
1272 3903 1637 3986 jungerent:
1685 3898 1801 3964 hac
1847 3897 2027 3965 laude
2082 3897 2271 3982 prisci
2310 3895 2549 3963 Acade-

689 3997 833 4088 axiei
872 4025 941 4080 ae
989 4013 1378 4099 peripatetici
1426 4014 1684 4084 fuerumt
1722 4013 1859 4084 fere
1897 4015 2156 4083 omnen
2204 4012 2551 4097 ipse‘Aris-

786 4147 799 4155 ’
2379 4141 2548 4193 tote-
