2792 5167
1048 337 1527 447 ·-99-'

279 536 443 629 ipsis
509 542 727 612 Musis
808 540 1166 629 Gratiisque
1239 543 1551 630 profecta.
1681 544 1851 615 Nam
1931 553 2005 619 de
2070 551 2148 623 iis

283 662 624 743 quaerebat
697 662 1139 729 studiosissime
1161 713 1184 744 ‚
1276 680 1439 747 quae
1501 664 1763 731 maxime
1829 684 2046 739 essent
2115 692 2150 736 a

289 777 500 861 poetis
534 779 867 846 celebratae
913 781 986 845 de
1029 801 1241 848 amore
1278 782 1342 847 in
1387 780 1611 865 primis
1651 800 1714 849 et
1759 785 1948 853 rebus
1987 800 2157 869 amag-

288 897 516 964 toriisz
576 913 936 980 argumento
988 917 1135 965 sane
1185 900 1512 966 Socratico
1580 916 1643 965 et
1712 901 2148 986 philosophe,

284 1014 400 1079 sed
432 1014 507 1081 ab
541 1014 752 1082 umbra
791 1017 1181 1100 scholarum,
1216 1019 1270 1084 si
1311 1018 1486 1101 quod
1503 1019 1711 1099 aliud,
1732 1019 2145 1090 alienissimo.

976 1251 1097 1316 De
1156 1250 1501 1318 Amore.

372 1481 702 1549 Sententia
775 1480 1058 1549 Platonis
1137 1481 1214 1545 de
1292 1499 1503 1545 amore
1580 1481 1672 1546 sic
1751 1480 1920 1550 omni
2007 1500 2157 1552 tem·

267 1616 446 1681 -pore
529 1597 836 1665 celebrata
912 1613 1045 1680 est,
1134 1612 1204 1662 ut
1249 1600 1252 1603 ’
1290 1598 1417 1663 vim
1500 1609 1677 1665 nacta
1759 1599 1845 1665 sit
1907 1620 2167 1681 prover·

283 1716 376 1781 bii
449 1730 512 1781 et
599 1736 784 1785 nemo
863 1733 995 1782 non
1085 1718 1379 1798 loquatur
1444 1717 1521 1782 de
1589 1738 1804 1803 armore
1868 1718 2160 1791 Platoni·

275 1860 371 1904 co.
479 1836 610 1902 Sed
691 1835 1012 1915 eamdem,
1097 1849 1170 1898 ut
1261 1834 1337 1899 fit
1364 1881 1388 1916 ,
1490 1855 1609 1916 pro
1680 1852 1798 1901 suo
1885 1836 2157 1918 quisque

285 1970 487 2016 sensu
534 1967 597 2016 et
655 1951 896 2034 judicio
955 1968 1098 2014 cum
1164 1949 1408 2031 accepit
1458 1951 1673 2030 aliter,
1741 1965 1877 2017 tum
1929 1954 2164 2035 iudica·

267 2068 411 2135 -vit.
499 2067 903 2151 Acce-petunt
945 2064 1129 2131 hunc
1169 2084 1439 2132 amorem
1514 2078 1785 2149 poetae,
1845 2067 1911 2131 in
1951 2067 2164 2149 primis

281 2185 470 2266 Itali,
534 2185 611 2250 de
664 2183 821 2250 mira
875 2177 982 2249 illa
1026 2179 1375 2249 animorum
1439 2184 1936 2268 conjunctione,
2001 2203 2158 2266 quae

283 2315 525 2368 amatae
559 2300 885 2367 intercedit
922 2320 1065 2369 cum
1110 2317 1429 2383 amatore,
1475 2318 1536 2367 et
1578 2318 1921 2383 utrumque
1961 2300 2028 2367 in
2074 2322 2166 2367 re·

283 2418 514 2503 giones
609 2420 916 2484 coelestes
989 2417 1276 2484 extollit:
1382 2438 1454 2484 ac
1538 2419 1948 2503 profecerunt
2020 2420 2163 2488 inde

285 2538 530 2604 Dantes
587 2536 903 2620 Aligerius
938 2538 1016 2603 ad
1060 2536 1403 2605 Beanicem
1430 2574 1474 2617 ,·
1494 2539 1825 2604 Petrarcha
1875 2539 1955 2604 ad
1997 2539 2166 2605 Lau·

287 2672 426 2719 ram
447 2699 474 2732 ‚
529 2653 638 2717 alii
696 2654 776 2717 ad
827 2652 978 2716 alias
1027 2653 1422 2716 celebrandas
1458 2652 1657 2717 divini
1709 2653 1986 2734 pectoris
2033 2653 2169 2719 foe·

291 2767 531 2835 minas.
615 2766 999 2847 Philosophi
1050 2785 1206 2830 vero
1229 2811 1254 2842 ‚
1315 2763 1373 2828 si
1429 2764 1509 2827 ab
1566 2766 1740 2829 Italis
1816 2766 2169 2833 discesseris

296 2884 422 2967 qui
471 2880 798 2949 faciliores
839 2878 970 2946 fere
1011 2878 1316 2961 fuerunt,
1360 2893 1433 2945 ut
1472 2879 1756 2946 nonnulli
1804 2880 1983 2948 etiam
2026 2883 2178 2965 alii,

287 2994 680 3089 philosophi
756 2994 955 3084 igitur
1005 2998 1293 3082 plerique
1361 3016 1489 3067 rem
1563 2999 1915 3066 habuerunt
1968 3001 2171 3085 poeti·

287 3140 432 3188 cam
501 3138 777 3187 amorem
836 3117 1027 3184 istum
1089 3116 1522 3201 Platonicum,
1603 3120 1713 3185 sed
1762 3119 2173 3205 philosophia

275 3240 664 3325 indignum:
759 3257 901 3304 esse
969 3236 1131 3303 enim
1217 3253 1433 3320 aptum
1511 3234 1677 3302 forte
1743 3238 1850 3305 alii
1919 3239 2171 3303 cuidam

305 3358 584 3438 mundo,
627 3377 816 3441 quem
871 3355 1274 3439 ignoramus,
1319 3354 1431 3419 sed
1473 3356 1665 3433 huic,
1719 3356 1784 3419 in
1833 3372 1967 3433 quo
2019 3352 2185 3416 vivi-

312 3489 456 3537 mus
506 3490 570 3538 et
619 3473 911 3557 agimus,
953 3473 1126 3538 haud
1176 3487 1686 3549 consentaneum.
1776 3469 1973 3555 Quod
2016 3465 2183 3549 judi·

311 3584 489 3654 cium
561 3605 800 3669 praeter
850 3589 1324 3673 philosophos,
1382 3588 1486 3653 alii
1530 3588 1715 3657 etiam
1776 3582 2190 3667 pronunciare

315 3704 536 3770 solent
562 3749 586 3784 ‚
659 3703 767 3784 qui
821 3722 928 3769 nec
993 3706 1294 3771 dicuntur
1351 3688 1723 3785 philosophi
1755 3748 1778 3779 ‚
1840 3718 1956 3765 nec
2017 3717 2190 3770 sunt.

315 3820 452 3889 Sed
517 3817 888 3885 exstiterunt
945 3818 1141 3901 item,
1209 3818 1322 3902 qui
1376 3837 1506 3883 rem
1571 3817 1734 3882 serio
1798 3815 2239 3913 judicarent„

312 3952 572 4024 turpem
618 3956 748 4005 eam
810 3954 1127 4006 censerent
1185 3952 1250 4001 et
1303 3936 1586 4004 moribus
1646 3933 1891 4005 noxiam
1917 3962 1945 4020 ‚-
1986 3937 2197 4003 Plato·

1158 4051 1224 4119 G
1268 4072 1310 4120 α
1820 4084 1827 4095 ·
2047 4060 2191 4114 nem
