2792 5167
1481 457 1833 503 ιιι-90...-

702 615 873 683 tiens
899 663 924 697 ‚
982 618 1050 684 in
1095 618 1359 701 epistola
1405 615 1703 700 scripsit:
1770 616 1895 679 nixi
1955 613 2113 678 mihi
2174 613 2546 682 Homine-bu*

702 737 830 800 sius
851 783 875 816 ‚
966 733 1425 800 Valckenarius
1484 732 1721 819 aliique
1782 733 2005 797 smnmi
2061 732 2330 798 homines
2383 709 2554 800 verba'

698 850 853 918 dont
871 898 893 931 ‚
944 849 1161 917 vldeor
1196 854 1268 916 in
1306 852 1417 918 hoc
1457 851 1799 917 literarum
1834 869 2062 935 genero
2103 848 2358 935 aliquid
2383 866 2550 938 prae·

700 982 876 1033 stare
894 1013 919 1046 .,
999 965 1169 1054 quod
1204 985 1401 1057 prope
1460 968 1892 1052 Bentlcjanum
1929 969 2036 1033 sit.
2124 966 2291 1033 Mox
2347 965 2406 1030 ei
2438 969 2554 1049 pla-

700 1084 835 1164 cuit
895 1085 1128 1150 candor
1172 1100 1235 1150 et
1280 1084 1582 1170 elegantia
1640 1082 2088 1170 Xenophontis
2113 1129 2139 1164 ‚
2181 1096 2246 1148 et
2289 1082 2356 1147 in
2400 1081 2558 1148 Lati*-

698 1199 803 1267 nis
849 1199 1269 1284 scriptoribus
1320 1202 1814 1286 Xenophonteue
1848 1199 2196 1267 venustatis
2241 1200 2512 1265 aemulus
2533 1243 2556 1279 ‚

703 1316 1046 1384 Cornelius
1093 1318 1358 1401 Nepos:
1406 1338 1595 1402 quem
1640 1317 1809 1385 forte
1851 1332 2194 1399 utrumque
2232 1312 2513 1381 edidisset
2535 1361 2560 1395 ‚

700 1432 830 1500 nisi
882 1435 1364 1502 antevertissent
1413 1436 1624 1520 ipsum
1682 1436 1815 1504 alii.
1924 1436 2092 1502 Nam
2138 1449 2269 1500 erat
2313 1433 2380 1498 in
2433 1431 2562 1499 viro

700 1550 1034 1619 acerrimus
1081 1553 1285 1638 pulcri
1329 1553 1711 1637 venustique
1767 1571 2033 1620 sensus:
2105 1565 2283 1617 totus
2330 1563 2456 1615 etat
2493 1549 2570 1615 ad

702 1669 1147 1736 humanitatem
1219 1685 1281 1735 et
1349 1669 1725 1751 exquisitam
1806 1670 2133 1751 quamdam
2222 1666 2572 1751 elegantiam

704 1785 1148 1868 compositus:
1198 1785 1527 1850 videbatur
1572 1787 1758 1867 plane
1796 1786 1950 1849 alter
1999 1783 2406 1865 Xenophon,
2449 1800 2575 1848 cet-

703 1915 773 1965 te
841 1898 935 1965 sic
1001 1905 1225 1967 natura
1292 1901 1536 1968 amabat
1595 1900 1869 1969 Atticam
1926 1901 2088 1967 illam
2138 1899 2392 1966 Musam
2416 1946 2441 1980 ‚
2505 1915 2579 1966 ut

706 2018 845 2103 ejus
930 2018 1301 2086 suavitatem
1368 2019 1437 2085 in
1498 2017 1796 2086 omnibus
1861 2018 2116 2103 scriptis
2186 2016 2576 2101 exprimeret.

698 2133 923 2217 Itaque
965 2135 1032 2201 in
1077 2136 1357 2220 legendis
1404 2136 1821 2221 scriptoribus
1867 2135 2144 2218 antiquis
2191 2136 2352 2202 illud
2392 2136 2584 2201 admi-

700 2250 954 2317 rabatur
997 2253 1262 2318 maxime
1284 2299 1309 2333 ‚
1378 2255 1556 2335 quod
1610 2267 1868 2319 naturae
1906 2252 2432 2337 incorruptaeque
2474 2272 2583 2322 vc·

699 2368 972 2435 nustatis
1032 2369 1230 2435 veluti
1288 2376 1526 2442 τύπον
1583 2367 1865 2437 referret.
1954 2369 2151 2457 Quod
2189 2384 2446 2436 secutus
2513 2369 2581 2436 in

697 2485 923 2570 primis
964 2487 1252 2553 tractavit
1296 2493 1516 2569 poetas
1543 2533 1567 2570 ‚
1611 2487 1998 2568 historicos,
2045 2486 2406 2554 Socraticos
2440 2488 2586 2571 phi·

696 2605 1011 2687 Iosophos
1037 2652 1062 2686 ‚
1126 2619 1458 2688 oratores;
1528 2619 1591 2671 et
1641 2605 1733 2670 sic
1799 2604 2080 2688 regnavit
2127 2605 2193 2669 in
2237 2606 2584 2671 literarum

697 2737 760 2787 et
824 2722 1207 2809 eloquentiae
1231 2770 1257 2803 .,
1335 2738 1411 2788 ut
1472 2721 2010 2805 wyttenbachius
2060 2720 2126 2785 in
2162 2722 2590 2811 philosophiae

697 2837 987 2905 historia.
1076 2839 1366 2906 Accessit
1427 2839 1719 2925 deinceps
1783 2841 1862 2907 ad
1916 2839 2239 2906 Platonem
2265 2886 2291 2921 ‚
2359 2839 2473 2905 sed
2522 2837 2610 2905 in·

694 2956 1066 3040 philosophi
1113 2956 1365 3041 scriptis
1415 2957 1506 3023 sic
1553 2972 1651 3023 est
1711 2970 1998 3024 versatus
2024 3003 2048 3038 ‚
2118 2971 2192 3024 ut
2237 2954 2442 3040 ipsius
2488 2956 2598 3023 in÷

698 3071 875 3136 doles
924 3068 1204 3136 ferebat:
1252 3072 1622 3153 exquirebat
1667 3090 1858 3136 voces
1921 3069 2358 3152 dictionesque
2426 3073 2596 3153 poe-

694 3185 851 3250 ticas
899 3205 961 3251 ct
1007 3186 1417 3270 elegantiores
1444 3234 1468 3268 ‚
1514 3207 1780 3271 quarum
1825 3202 2004 3254 tanto
2073 3186 2287 3253 studio
2346 3188 2600 3255 ductus

699 3315 797 3366 est
823 3347 847 3382 ‚
927 3318 1000 3366 ut
1055 3304 1281 3369 lubens
1347 3304 1528 3371 etiam
1571 3308 1802 3391 legeret
1845 3304 2160 3389 sequioris
2200 3306 2335 3371 aevi
2382 3305 2604 3387 scrip-

698 3431 870 3484 tores
918 3432 981 3483 et
1026 3435 1231 3503 patres
1272 3421 1427 3487 adeo
1472 3422 1765 3489 ecclesiae
1788 3470 1813 3504 ‚
1857 3442 2025 3505 quos
2074 3422 2252 3505 ipsos
2295 3440 2426 3488 non
2480 3442 2606 3490 ve-

697 3535 1016 3601 hementer
1061 3538 1346 3619 amabat,
1414 3532 1527 3605 sed
1594 3543 1825 3624 legeret
1871 3540 1994 3605 hos
2036 3537 2326 3604 lubenter
2350 3586 2375 3620 ‚
2433 3539 2613 3622 quia

695 3650 978 3718 Platonis
1042 3670 1433 3722 venustatem
1508 3657 1681 3723 omni
1741 3656 2215 3739 opportunitate
2274 3656 2610 3724 imitando

696 3769 1132 3850 exprimerent.
1244 3773 1466 3841 Edidit
1535 3775 1621 3840 ita
1691 3771 1938 3840 Timaei
2007 3777 2547 3843 commentarium
2575 3821 2612 3857 ‚

695 3885 811 3966 qui
879 3888 1249 3956 ediscendus
1305 3907 1403 3956 est
1462 3889 1757 3958 omnibus
1785 3939 1810 3973 ‚
1872 3891 1984 3974 qui
2027 3893 2234 3977 legere
2292 3909 2444 3959 cum
2500 3892 2617 3958 in-

696 3997 866 4084 genii
910 4004 1224 4089 animique
1270 4005 1487 4078 fructu
1531 4012 1876 4086 Platonem·
1899 4009 2121 4082 velint.
2209 4011 2378 4079 Nam
2414 4010 2622 4092 ,viam

700 4155 723 4192 t
838 4125 847 4134 ’
1671 4169 1688 4183 =
2487 4125 2618 4194 hic
