2792 5167
1434 459 1773 524 ...32-

661 619 875 688 Veluti
930 621 1189 702 aequale
1237 631 1420 697 esse,
1485 619 1731 700 inquit,
1784 616 2050 685 dicimus
2074 665 2100 699 ,
2142 635 2283 686 esse
2338 619 2532 685 etiam

661 755 758 806 res
813 737 1149 819 aequales,
1216 747 1291 800 ut
1346 733 1587 818 lapides
1613 782 1639 816 ,
1679 734 1890 817 ligna,
1933 735 2079 803 alia:
2127 736 2273 803 haec
2325 737 2543 803 videri

658 852 846 919 nobis
889 850 1013 919 alio
1076 866 1365 935 tempore
1415 851 1737 933 aequalia,
1799 851 1925 918 alio
1984 852 2326 936 inaequalia
2370 873 2545 939 pos·

655 984 849 1050 sunt:
893 987 1023 1035 non
1068 967 1215 1036 item
1255 969 1557 1051 aequalez
1632 968 1842 1052 ipsum
1901 971 2162 1052 aequale
2208 989 2340 1037 non
2379 988 2543 1037 ffise

659 1086 984 1169 inaequale
1028 1099 1264 1169 potest.
1352 1083 1704 1152 Perfectum
1767 1084 1889 1149 hoc
1950 1100 2048 1151 est
2072 1132 2096 1167 ,
2143 1085 2265 1152 illis
2291 1133 2316 1168 ‚
2380 1107 2536 1169 quo

655 1199 865 1276 minus
927 1197 1203 1285 perfecta
1257 1198 1432 1281 sint,
1493 1197 1733 1282 aliquid
1793 1198 1994 1267 deest.
2096 1200 2261 1265 Hoc«
2300 1216 2531 1267 autem

657 1316 821 1385 idem
841 1364 866 1399 ,
925 1316 1136 1401 ipsum
1203 1305 1464 1400 aequale
1486 1362 1511 1397 ,
1577 1322 1728 1388 αὐτὸ
1764 1321 1834 1389 τὸ
1874 1320 1996 1388 ἴσον
2018 1369 2039 1396 .
2095 1318 2260 1383 unde
2297 1336 2535 1402 perce·

657 1435 863 1522 pimus
888 1434 922 1500 ‘4'
987 1435 1092 1501 Ex
1157 1454 1361 1501 rerum
1423 1433 1713 1518 profecto
1765 1433 2113 1520 aequalium
2168 1434 2535 1502 considera-

659 1551 879 1635 tione,
924 1552 1061 1620 sive
1100 1552 1301 1618 oculis
1342 1551 1482 1617 illas
1523 1551 1664 1619 sive
1718 1550 1844 1617 alio
1884 1571 2288 1635 quocumque
2327 1570 2537 1620 sensu

657 1668 1167 1756 perceperimus3
1248 1669 1468 1736 deesse
1539 1667 1618 1734 iis
1691 1667 1926 1751 aliquid
1992 1669 2377 1750 sentientes,
2441 1670 2535 1736 ad

651 1788 862 1873 ipsum
908 1785 1065 1854 illud
1105 1784 1455 1871 perfectum
1512 1786 1893 1870 exegimus-2
1947 1786 2389 1853 Verumtamen
2422 1786 2533 1854 fa·

652 1925 796 1974 cere
831 1907 955 1974 hoc
992 1925 1125 1973 non
1160 1905 1529 1989 potuimus,
1572 1903 1697 1969 nisi
1750 1917 1929 1970 antea
1987 1902 2521 1989 cognovissemus

650 2022 847 2106 illud,
947 2041 1115 2089 nunc
1186 2036 1390 2088 autem
1454 2038 1735 2086 essemus
1814 2020 2093 2104 ejusdem
2181 2023 2521 2089 recordati.

653 2138 826 2226 Quid
879 2138 1122 2223 igitur?
1200 2135 1449 2202 Scilicet
1508 2135 1833 2220 superiore
1890 2136 2147 2217 quadam
2193 2137 2323 2206 vita
2380 2140 2525 2207 ani·-

654 2273 759 2321 mo
800 2253 864 2319 id
902 2250 1364 2337 perceperimus
1409 2267 1666 2318 necesse
1715 2266 1858 2332 est,
1918 2270 2033 2319 nec
2070 2255 2331 2336 aequale
2376 2269 2523 2321 tan-

654 2385 788 2438 tum
813 2417 838 2453 ,
883 2371 1060 2454 quod
1118 2387 1282 2436 nunc
1348 2370 1534 2436 unice
1587 2370 1902 2452 diximus,
1945 2371 2057 2440 sed
2099 2361 2307 2455 ipsum
2350 2373 2522 2455 pari-

653 2503 752 2555 ter
790 2502 854 2554 et
902 2489 1190 2572 pulcrum
1244 2501 1308 2553 et
1365 2487 1604 2553 bonum
1668 2501 1732 2576 et
1780 2488 2023 2571 justum
2077 2503 2142 2554 et
2182 2505 2523 2574 sanctum,

656 2621 844 2672 omne
904 2604 1059 2672 inud
1132 2605 1394 2686 omuino
1419 2652 1443 2687 ,
1510 2606 1683 2687 quod
1743 2604 2090 2689 perfectum
2167 2627 2524 2693 verumque

654 2737 800 2806 est,
844 2721 1084 2807 cuique
1115 2723 1365 2806 signum
1404 2724 1577 2808 eju3‚
1624 2723 1796 2805 quod
1836 2738 1952 2804 cst,
1996 2725 2175 2806 quasi
2219 2725 2527 2810 imprimi-

653 2860 844 2923 mus;
915 2841 1137 2906 horum
1197 2859 1316 2905 nos
1374 2839 1696 2905 scientiam
1764 2840 2127 2924 amisimus,
2197 2863 2393 2926 quum
2448 2847 2522 2913 in

650 2956 809 3022 hanc
863 2953 1343 3037 procederemus
1410 2953 1639 3022 vitam:
1699 2974 1838 3021 nam
1888 2957 1945 3026 si
1990 2958 2457 3026 retinuissemus
2484 3008 2517 3042 ,

648 3069 950 3136 sciremus
1005 3086 1173 3133 nunc
1196 3114 1220 3149 ,
1284 3087 1417 3134 non
1471 3069 1903 3155 opinaremur,
1947 3094 2079 3142 non
2122 3076 2512 3160 falleremur,

649 3203 808 3269 quae
853 3203 1020 3252 nunc
1064 3185 1342 3264 conditio
1379 3201 1600 3253 nostra
1638 3202 1763 3256 est.
1853 3191 2273 3278 Quamobrem
2312 3194 2511 3261 danda

648 3304 836 3372 nobis
897 3321 1092 3388 opera
1129 3318 1275 3385 est,
1338 3317 1454 3386 ut,
1501 3325 1633 3388 quo
1679 3308 2024 3393 cogitemus
2049 3356 2072 3391 ,
2111 3308 2511 3395 judicemus,

649 3422 1089 3491 ratiocinemur
1144 3419 1416 3505 melius,
1483 3423 1759 3508 perfecta
1825 3427 1929 3494 illa
1990 3442 2052 3494 et
2097 3447 2299 3510 veta,
2349 3449 2516 3513 quae

651 3541 860 3626 ejicere
899 3545 984 3614 τὰ
1024 3542 1168 3611 ὄντα
1209 3540 1395 3621 licet,
1462 3541 1705 3627 quippe
1759 3561 1922 3627 quae
1972 3560 2124 3614 sunt
2145 3591 2169 3626 ,
2230 3564 2364 3616 nou
2419 3547 2519 3615 vi-

650 3657 922 3737 dentur,
968 3657 1118 3724 haec
1177 3656 1412 3741 igitur,
1470 3660 1680 3740 quoad
1743 3663 1878 3745 ejus
1937 3661 2070 3728 fieri
2107 3679 2370 3749 potest,
2415 3686 2519 3735 re·

649 3785 1121 3853 praesentemus
1162 3774 1405 3842 animo:
1451 3775 1518 3843 id
1552 3777 1717 3844 enim
1756 3778 1998 3865 discere
2050 3797 2186 3850 est:
2230 3801 2373 3854 nam
2414 3776 2538 3851 sic'

651 3881 796 3953 licet
859 3889 1040 3956 unice
1095 3891 1173 3956 ad
1230 3911 1439 3962 rerum
1497 3894 1816 3964 scientiam
1850 3899 2212 3981 pervenire:
2261 3900 2455 3970 verbo
2474 3945 2503 3979 ,

652 4000 981 4094 recordari
1049 4021 1303 4086 oportet
1361 4010 1720 4087 hominem:
1787 4032 1929 4084 nam
1987 4015 2082 4084 sie
2128 4016 2383 4096 dmum,
2439 4029 2507 4081 et

2381 4131 2512 4201 dis-
