2792 5167
1368 385 1717 445 ..18—

618 568 978 635 animalibus
1039 581 1167 631 non
1230 563 1487 641 minus,
1550 580 1731 643 quam
1788 558 1849 623 in
1908 556 2301 638 hominibus,
2346 561 2487 625 ani·

621 685 1082 752 madvertimus.
1212 680 1447 749 Cibum
1522 694 1865 762 potumque
1929 690 2227 758 expetunt
2296 677 2489 741 vehe-

619 820 821 869 mente
861 801 1174 868 desiderio
1209 818 1398 881 atque
1431 798 1689 875 ardore,
1734 795 2117 877 eodemque,
2159 808 2222 859 et
2254 796 2486 878 majore

614 920 845 998 etiam,
910 914 1266 983 satisfacere
1331 912 1599 979 veneriis
1664 908 2114 995 cupiditatibus
2175 912 2472 977 studente

615 1035 902 1102 homines
939 1053 1090 1101 vero
1133 1034 1242 1098 has
1287 1031 1703 1113 cupiditates,
1769 1029 2010 1093 insanas
2043 1029 2231 1094 hasce
2264 1026 2471 1095 libidi-

617 1171 777 1233 nes,
823 1150 1106 1234 quamvis
1154 1150 1438 1232 indignae
1493 1149 1616 1213 hoc
1666 1146 1920 1212 nomine
1972 1146 2097 1211 sint
2121 1192 2145 1226 ‚
2201 1163 2473 1211 amorem

617 1283 872 1335 vocant.
963 1269 1080 1334 Est
1119 1266 1358 1333 scilicet
1398 1265 1500 1332 hic
1544 1266 1895 1347 πάνδημος,
1936 1264 2222 1350 vulgaris
2255 1281 2474 1341 amor,

617 1387 814 1467 vulgo
873 1384 1088 1467 illique
1150 1383 1475 1450 hominum
1520 1382 1729 1467 generi
1772 1381 2119 1464 proprius,
2172 1377 2276 1462 qui
2318 1379 2475 1445 bru·

615 1518 820 1569 torum
879 1501 1116 1583 instar,
1160 1501 1315 1568 solis
1352 1501 1672 1584 indulgent
1722 1498 2007 1580 corporis
2048 1516 2469 1580 sensuumque

611 1618 998 1703 appetitibus
1047 1637 1118 1684 ac
1172 1616 1648 1699 voluptatibus,
1694 1616 1897 1699 iisque
1938 1635 2008 1681 se
2050 1614 2181 1698 rapi
2222 1611 2287 1678 in
2328 1632 2469 1697 pes-

608 1737 764 1801 sima
804 1753 1087 1819 quaeque
1127 1734 1372 1801 sinunt.
1459 1733 1776 1821 Quocirca
1806 1732 1874 1800 hi
1908 1734 1986 1800 ab
2022 1732 2102 1797 iis
2134 1732 2463 1811 omnibus,

608 1868 767 1930 quae
815 1849 993 1915 unice
1040 1848 1327 1915 homines
1368 1850 1639 1930 decent,
1704 1869 1740 1915 a
1785 1852 2005 1933 pulcro
2059 1864 2121 1913 et
2174 1848 2384 1928 bono,
2423 1867 2462 1913 a

603 1964 991 2047 virtutibus,
1034 1966 1112 2033 ab
1154 1965 1291 2049 ipsa
1331 1966 1740 2050 philosophia
1782 1966 2171 2052 abripiuntur
2205 1966 2449 2047 procul.

607 2082 1026 2148 Veruntamen
1051 2129 1076 2163 ,
1121 2097 1191 2148 ut
1231 2085 1402 2166 apud
1437 2082 1807 2167 Euripidem
1850 2098 1983 2151 este

846 2204 996 2270 ἀλλ’
1037 2203 1126 2273 ke
1168 2204 1238 2281 δή
1280 2226 1373 2278 τις
1415 2201 1605 2278 ἄλλος
1648 2204 1710 2271 ἐν
1748 2206 1981 2287 βροτοῖς
2013 2205 2200 2288 Ἔρως

843 2327 1057 2403 ψυχῆς
1098 2321 1329 2395 δικαίας
1351 2368 1372 2395 .
1418 2319 1705 2403 σώφρονός
1744 2345 1815 2388 τε
1857 2325 2156 2406 infirme.
2213 2316 2291 2386 (¹)

603 2434 889 2500 Uranius
946 2453 1121 2501 amor
1182 2435 1464 2515 scilicet,
1527 2454 1710 2517 quem
1778 2453 1811 2499 a
1863 2435 2099 2517 vulgari
2139 2434 2467 2520 diligenter

600 2552 768 2634 apud
800 2550 1119 2618 Platonem
1165 2551 1499 2617 Pausanias
1540 2550 1909 2635 distinguit,
1949 2550 2187 2635 cuique
2224 2570 2287 2620 et
2324 2554 2466 2637 ipse

599 2684 661 2731 et
719 2667 1034 2734 Phaedrus
1076 2682 1138 2733 et
1183 2685 1333 2733 vcro
1393 2668 1666 2735 Diotime
1704 2670 1903 2753 justas
1944 2670 2159 2736 laudes
2204 2672 2459 2738 tribuit:

595 2783 674 2847 ad
739 2782 1008 2850 animum
1060 2784 1164 2848 ille
1224 2783 1540 2867 animique
1581 2786 1883 2853 desideria
1920 2786 2268 2870 explenda,
2324 2806 2461 2853 non

593 2900 673 2967 ad
731 2918 963 2982 corpus
1015 2919 1370 2981 sensusque
1431 2902 1722 2986 pertinet.
1815 2903 1959 2971 Hoc
2004 2904 2113 2986 qui
2155 2904 2459 2986 ducitur,

593 3018 765 3099 quod
808 3021 998 3099 poeta
1039 3018 1123 3082 ait
1147 3064 1172 3100 ,
1215 3019 1513 3084 amasium
1553 3021 1858 3086 desiderat
1907 3036 2095 3104 atque
2136 3020 2458 3103 anquirit,

591 3138 801 3219 ψυχὴν
857 3138 1088 3204 δικαίων
1146 3137 1421 3220 σώφρονά
1480 3165 1550 3207 τε
1608 3142 1883 3223 κᾴγιθὴν
1910 3186 1935 3217 ,
1984 3158 2163 3221 quem
2211 3137 2313 3203 ubi
2356 3140 2453 3202 in-

593 3252 766 3315 venit
810 3250 1257 3334 amplexusque
1296 3252 1643 3318 incredibili
1691 3254 1953 3331 ardore,
2031 3254 2155 3320 imo
2197 3253 2452 3329 furore,

591 3383 752 3443 est,·
800 3382 1036 3433 tantum
1100 3366 1320 3445 abest,
1391 3386 1461 3433 ut
1534 3389 1568 3434 a
1650 3371 2056 3452 philosophia
2126 3391 2459 3454 rerumque

587 3487 962 3568 optimarum
1020 3484 1229 3549 studio
1282 3502 1343 3550 et
1399 3470 1767 3552 amore'vel
1831 3486 2004 3552 illum
2050 3489 2311 3573 abripiat
2348 3492 2449 3553 vel

583 3603 928 3684 abripiatur
962 3604 1140 3686 ipse,
1185 3620 1256 3669 ut
1294 3604 1527 3670 mutuis
1570 3607 1755 3669 anibo
1788 3606 1867 3670 de
1908 3607 2132 3688 pulcro
2174 3625 2236 3672 et
2277 3606 2457 3673 bono

2344 3722 2450 3787 de-

657 3876 738 3943 (ι)
782 3873 968 3937 Eut-ip.
1006 3875 1144 3937 apml
1187 3874 1328 3926 l’lut.
1364 3877 1429 3926 dr·
1462 3879 1618 3929 educ.
1652 3897 1810 3945 puer.
1848 3894 1901 3943 p.
1932 3892 1987 3929 u
2034 3875 2099 3930 E.
2165 3878 2255 3930 Cf.
2283 3876 2463 3928 Valc-

587 3966 706 4017 λου.
745 3967 937 4016 Dian.
975 3982 1026 4030 p.
1054 3967 1173 4017 241.
1211 3975 1264 4017 et
1298 3984 1394 4017 uos
1432 3984 1594 4033 snpra
1634 3966 1763 4019 vot
1792 3968 1836 4020 Ι.
1875 3985 1926 4035 p.
1954 3968 2071 4019 105.
