2792 5167
898 513 990 534 ··“·
1036 501 1154 568 137
1195 499 1299 536 -’

142 675 600 750 temperatam,
658 680 725 730 ut
788 665 848 729 in
900 668 1143 747 legibus
1190 669 1486 735 haberent
1536 679 1884 740 verissimae
1921 699 2026 743 sa-

136 780 795 865 misfelicitatisque
832 783 1156 865 praesidia.
1259 786 1430 852 llaec
1484 809 1631 856 sunt
1685 813 1963 876 germana
1989 819 2024 874 ‚·

138 902 225 966 ni
261 898 572 978 fallimur,
608 897 769 986 juris
807 898 1047 982 publici
1086 901 1434 986 principia,
1485 909 1719 989 quibus
1767 932 2025 995 percep-

142 1017 248 1084 tis
286 1031 495 1098 recte,
540 1032 602 1081 et
640 1014 1017 1085 Ciceronem
1058 1019 1517 1102 intelligemus,
1571 1026 1679 1089 ubi
1719 1025 1854 1092 sine
1888 1034 2024 1114 jus·

149 1134 310 1236 titia
347 1153 484 1200 esse
520 1133 828 1200 civitatem
875 1153 1005 1200 non
1060 1157 1256 1219 posse
1294 1138 1553 1206 affirmat
1581 1189 1602 1222 ‚
1639 1162 1752 1208 nec
1791 1161 2019 1211 statum

151 1267 425 1319 natutae
456 1265 563 1317 aut
595 1250 842 1318 rudium
882 1255 1261 1335 populorum
1295 1273 1680 1325 contractum
1707 1309 1733 1341 ‚
1782 1265 2020 1345 qualem

154 1370 547 1436 recentiores
592 1369 961 1454 philosophi
1006 1371 1357 1454 fingendum
1414 1378 1763 1441 necessario
1819 1379 2031 1445 existi-

156 1501 543 1569 maverunt,
584 1485 986 1555 desideraturi
1031 1505 1408 1573 magnopere
1449 1509 1691 1558 sumus.

668 1721 779 1789 Do
857 1703 1087 1806 opere
1161 1724 1541 1792 Platonis

865 1836 951 1904 de
991 1838 1358 1926 Legibus.

267 2069 517 2156 Quodsi
584 2068 815 2136 rectius
863 2072 1039 2137 etiam
1103 2087 1162 2137 et
1224 2072 1572 2154 intelligere
1607 2091 1666 2140 et
1709 2077 2043 2160 dijudicare

177 2186 509 2254 Politicam
569 2187 848 2252 Platonis
908 2188 1211 2269 velimus,
1282 2190 1605 2274 legendum
1648 2193 1830 2258 nobis
1872 2215 2047 2277 prae·

178 2303 369 2386 cipue
426 2323 589 2385 opus
650 2319 789 2387 est,
854 2309 1026 2388 quod
1075 2307 1174 2371 Dc
1208 2307 1475 2392 Legibus
1512 2309 1874 2391 inscriptum
1919 2329 2039 2380 est.

185 2420 352 2485 Nam
416 2434 486 2484 ut
530 2420 591 2485 in
633 2419 877 2487 Politia
914 2423 989 2487 ad
1034 2426 1460 2506 explicandam
1498 2426 2043 2512 illustrandamque

184 2535 471 2602 Ethicam
536 2537 852 2604 Politicam
910 2541 1237 2622 adhibuit,
1297 2543 1382 2607 ita
1440 2542 1504 2607 iu
1564 2544 1758 2610 hocce
1797 2547 2046 2630 dialogo

184 2657 384 2740 ipsam
423 2657 567 2721 data
605 2662 795 2738 opera
838 2658 1071 2722 tradere
1110 2657 1432 2723 politicam
1482 2660 1749 2725 studuit.
1831 2662 2048 2745 Itaque

189 2771 465 2840 Cliniam
533 2776 635 2841 hic
675 2774 1036 2840 Cretensem
1088 2774 1332 2842 induxit
1365 2794 1506 2841 cum
1553 2777 1818 2860 Megillo
1853 2777 2048 2845 Lace·

188 2891 521 2958 daemonio
590 2907 652 2955 et
711 2891 981 2975 Hospite
1044 2892 1416 2957 Atheniensi
1474 2894 1549 2958 de
1609 2894 1857 2961 colonia
1901 2914 2055 2960 con·

191 3011 395 3077 denda
434 3022 764 3092 agentem,
834 3029 1014 3092 quam
1064 3009 1200 3092 ipse
1234 3027 1396 3075 esset
1438 3011 1742 3076 ducturus
1784 3029 1843 3077 et
1888 3015 2057 3096 opti-

196 3125 319 3192 mis
359 3126 724 3210 quibusque
772 3126 1015 3210 legibus
1055 3128 1361 3194 instruere
1404 3146 1635 3197 averet.
1725 3132 2056 3197 Sermones

202 3242 271 3309 hi
324 3243 512 3327 igitur
570 3263 751 3324 non,
820 3260 891 3310 ut
951 3243 1014 3309 in
1071 3244 1359 3329 ΡοΙὶιίά,
1421 3246 1720 3331 justitiam
1764 3263 1824 3312 et
1865 3246 2054 3312 vitam

199 3361 438 3426 beatam
506 3376 837 3446 spectant,
906 3364 1019 3427 sed
1053 3363 1130 3428 ad
1172 3365 1337 3446 leges
1374 3360 1730 3428 referuntur
1762 3365 2012 3447 proprie
2035 3411 2061 3444 ‚

202 3477 439 3559 quibus
489 3479 727 3563 optime
793 3495 855 3545 et
919 3480 1340 3547 constituatur
1398 3495 1462 3544 et
1515 3496 1764 3563 regatur
1815 3479 2056 3546 civitas.

200 3592 595 3679 Quamquam
652 3593 828 3659 abest
870 3596 1174 3675 multum,
1237 3609 1349 3675 ut,
1419 3594 1610 3659 missa
1646 3593 1915 3669 Educ-21,
1972 3613 2069 3658 ar-

204 3727 331 3778 tem
399 3729 517 3776 nos
575 3712 659 3776 ita
713 3711 889 3778 Plato
940 3711 1229 3794 regnandi
1267 3710 1594 3791 docuerit,
1660 3711 1832 3791 quod
1871 3717 2063 3776 uu‘um

206 3844 431 3914 postea
490 3826 697 3893 conati
756 3845 904 3895 sunt
962 3828 1189 3910 multi3
1252 3829 1377 3893 imo
1443 3845 1593 3892 vero
1652 3827 2066 3910 explicandam

205 3945 314 4016 ille
370 3942 689 4012 Politicam
737 3964 811 4012 ex
848 3943 1079 4012 Ethica
1117 3960 1305 4026 atquc
1346 3963 1422 4010 ex
1471 3943 1760 4010 interiore
1797 3942 2068 4009 hominis

1966 4081 2076 4126 no-
