2792 5167
1479 512 1828 560 ...η-

734 703 855 770 hoc
894 715 960 771 et
999 701 1231 770 misero
1270 715 1444 772 statu
1479 717 1949 773 commutarunt
1972 752 1998 788 ,
2038 719 2161 789 ut,
2206 724 2365 794 quae
2386 705 2590 777 hodie

731 819 1011 887 conditio
1061 834 1280 887 nostra
1348 835 1485 902 est,
1548 840 1671 906 pro
1726 821 1988 890 veritate
2038 820 2227 893 falsas
2277 823 2593 910 imagines

729 938 1246 1020 amplecterentur
1279 953 1740 1019 coecorumque
1776 936 1972 1004 instar
2009 938 2397 1008 oberrarent.
2450 940 2593 1009 Ve-

731 1070 870 1118 rum
888 1099 915 1134 ‚
977 1050 1260 1136 quamvis
1324 1050 1593 1118 exclusis
1641 1051 1923 1118 Deorum
1968 1052 2172 1120 choro
2190 1101 2218 1138 ,
2283 1068 2599 1142 superest

731 1182 936 1237 tamen
993 1167 1177 1235 nobis
1216 1184 1431 1234 eorum
1464 1212 1491 1251 ,
1530 1185 1692 1252 quae
1726 1181 1861 1234 tum
1900 1166 2349 1253 adspeximus,
2388 1170 2599 1239 remi·

730 1285 1029 1354 niscentia
1071 1283 1368 1369 quaedam
1386 1329 1416 1365 ‚
1476 1283 1637 1352 levis
1680 1283 1779 1349 illa
1817 1281 2066 1367 quidem
2107 1297 2175 1351 et
2228 1282 2599 1369 perobscu-

729 1420 845 1483 ra,
886 1401 998 1468 sed
1057 1399 1510 1467 reminiscentia
1566 1415 1811 1466 tamen:
1857 1417 1983 1482 qaa
2035 1397 2154 1481 fit,
2196 1413 2271 1467 ut
2304 1398 2595 1471 factum

725 1511 967 1584 homini
1022 1516 1110 1585 sit
1153 1535 1297 1583 cum
1339 1515 1476 1584 veri
1527 1514 1873 1582 inveniendi
1891 1560 1918 1596 ‚
1962 1527 2095 1581 tum
2154 1515 2600 1602 percipiendae

730 1634 944 1700 denuo
960 1679 986 1715 ,
1029 1651 1216 1715 quam
1273 1645 1406 1698 tum
1459 1631 1743 1716 percepit
1760 1678 1787 1712 ‚
1829 1630 2190 1700 felicitatis:
2234 1633 2425 1701 modo
2490 1632 2598 1703 in—

726 1749 1027 1817 stituatur
1064 1748 1185 1816 rite
1202 1794 1228 1830 ‚
1272 1748 1451 1833 quod
1504 1748 1945 1834 philosophiae
1979 1766 2209 1817 munus
2239 1764 2361 1819 est.
2451 1749 2594 1819 Sed

728 1867 970 1952 hymno
1013 1863 1331 1935 recitando
1370 1867 1663 1935 Socrates
1700 1884 1970 1936 amorem
2009 1865 2425 1935 celebraverat
2458 1859 2598 1936 im·

731 1983 981 2069 primis.
1063 1983 1141 2049 In
1201 1984 1313 2048 hac
1348 1981 1654 2067 pristinae
1702 1980 1871 2050 vitae
1917 1982 2396 2068 recordatione,
2435 1985 2600 2070 pul·

728 2117 910 2167 crum
973 2097 1232 2167 maxime
1253 2144 1280 2177 ‚
1341 2096 1588 2164 dicebat
1610 2142 1641 2179 ,
1674 2133 1681 2138 -
1720 2110 1990 2165 mentem
2051 2098 2228 2166 subit
2247 2147 2275 2184 ‚
2340 2099 2602 2187 quippe

733 2214 910 2299 quod
981 2212 1261 2301 fulgebat
1343 2211 1472 2281 illic
1527 2210 2075 2298 splendidissime:
2152 2213 2299 2280 hinc
2359 2233 2594 2300 amor:

735 2331 888 2400 hinc
941 2329 1123 2430 furor
1175 2328 1404 2396 amoris
1426 2374 1455 2410 ‚
1515 2327 1623 2396 cui
1670 2327 1909 2414 optima
1967 2328 2265 2412 debemus
2310 2346 2600 2416 eorum,

743 2467 903 2544 quae
936 2464 1226 2532 praesens
1266 2445 1554 2514 continet
1601 2443 1737 2511 vita
1794 2458 2034 2510 nostra.
2122 2445 2384 2514 Caetera
2420 2445 2600 2534 quid

733 2583 1073 2652 persequar
1091 2565 1126 2632 ἲ
1167 2561 1331 2630 Nam
1373 2575 1605 2647 sponte
1661 2560 1984 2645 meminit,
2024 2561 2138 2645 qui
2178 2562 2328 2630 haec
2385 2565 2597 2636 semel

739 2683 1021 2769 percepit
1038 2728 1065 2764 ‚
1107 2695 1175 2749 et
1214 2697 1337 2750 nos
1379 2698 1454 2746 ea
1506 2678 1574 2744 in
1613 2677 2046 2761 superioribus
2096 2697 2242 2744 cum
2281 2677 2603 2750 illustrare

738 2799 1102 2887 singulatim
1121 2845 1150 2881 ,
1220 2813 1358 2865 tum
1434 2795 1512 2861 ad
1566 2795 1766 2879 ipsam
1820 2794 2243 2862 illustrandam
2305 2796 2600 2880 philoso-

739 2915 955 3003 phiam
1022 2913 1227 2999 pulcri
1287 2909 1583 2976 adhibere
1657 2909 2042 2978 studuimus.
2106 2907 2170 2952 <⁸²
2226 2910 2393 2977 Illud
2462 2914 2594 2980 hoc

738 3035 885 3098 loco
949 3025 1411 3094 memorandum
1463 3024 1645 3092 unice
1675 3038 1771 3091 est
1786 3071 1812 3107 ‚
1854 3030 1995 3093 veri
2032 3043 2160 3093 non
2199 3024 2405 3092 minus
2444 3025 2594 3094 Pla·

739 3158 956 3212 tonem
975 3188 1004 3224 ‚
1072 3160 1261 3225 quam
1319 3139 1524 3228 pulcri
1588 3141 2054 3225 philosophiam
2134 3140 2386 3209 sublimi
2460 3142 2590 3210 hoc

735 3264 902 3349 μύθῳ
941 3257 1356 3346 expressisse.
1440 3256 1611 3324 Nam
1647 3277 1763 3343 per
1814 3277 2081 3328 amorem
2117 3257 2589 3344 philosophiam

741 3377 901 3448 dixit
949 3378 1026 3445 ad
1083 3375 1376 3464 pulcrum
1430 3393 1552 3442 nos
1603 3374 1909 3443 continuo
1930 3423 1956 3459 ‚
2014 3388 2420 3444 veruntamen
2456 3463 2469 3470 θ
2504 3376 2593 3446 ad

743 3511 1115 3567 caeterarum
1170 3492 1359 3560 simul
1405 3491 1676 3560 idearum
1733 3491 2067 3577 ipsiusque
2088 3489 2379 3580 ¹veritatis
2411 3508 2601 3578 spec-

742 3613 1020 3684 taculum
1070 3610 1382 3678 reducere.
1426 3605 1491 3653 (’)
1531 3646 1619 3661 -
1658 3609 1823 3676 Sunt
1862 3608 2013 3676 haee
2070 3605 2446 3694 pulcerrima
2496 3627 2599 3678 sa·

743 3749 872 3811 ne,
935 3744 1001 3797 et
1050 3727 1241 3798 hebes
1281 3728 1364 3795 sit
1418 3743 1674 3798 necesse
1724 3738 1868 3805 est,
1913 3724 2028 3812 qui
2071 3742 2290 3796 eorum
2324 3724 2454 3794 vim
2512 3723 2591 3790 ad

2448 3854 2591 3922 gff-

822 3981 906 4053 (a)
947 3977 1070 4034 vol.
1115 3977 1164 4033 1.
1195 3997 1253 4048 p·
1288 3980 1356 4049 87
1392 3997 1516 4050 sqq.
1589 3979 1672 4052 (a)
1711 3977 2097 4050 Phaedre-2⁴7·
2135 3976 2211 4036 Di
2346 4013 2353 4020 -
