2792 5167
1377 445 1727 525 ..ι-..78η

610 621 781 710 plina
844 623 1116 693 animum
1200 625 1469 691 advertit
1527 623 1862 709 tenuitque
1923 621 2233 693 Platonis.
2333 619 2470 689 nae

607 745 925 811 incensus·
951 759 1047 810 est
1097 742 1394 809 acerrimo
1448 742 1733 809 veritatis
1778 740 2475 827 virtutisquestudio,

603 862 714 931 illa
742 863 1046 929 adductus
1081 862 1330 929 videtur
1358 863 1437 929 ad
1481 860 1786 929 sublimes
1809 907 1834 943 ,
1855 879 2013 943 quas
2053 860 2327 946 prodidit
2346 907 2372 942 ,
2400 858 2479 924 de

601 980 809 1047 animo
848 979 1211 1046 sententias.
1299 979 1521 1062 Itaque
1581 979 1902 1046 Socratem
1943 979 2011 1044 in
2052 975 2315 1062 dialogis
2351 975 2483 1043 fere
2555 1025 2564 1036 .

604 1096 900 1164 omnibus
934 1096 1353 1181 disputantem
1396 1096 1689 1180 induxit3
1736 1097 1849 1163 sed
1886 1096 2085 1163 eidem
2120 1094 2368 1164 Socrati
2414 1095 2485 1162 in

599 1213 819 1280 iisdem
861 1207 1260 1282 sermonibus
1300 1216 1497 1281 multa
1537 1214 1806 1283 subinde
1851 1214 2114 1297 tribuit,
2159 1234 2321 1297 quae
2351 1207 2492 1279 noti

602 1332 773 1416 ipsi,
839 1333 952 1400 sed
1004 1331 1140 1400 sive
1196 1331 1587 1418 Pythagorae
1648 1333 1784 1401 sive
1843 1326 2258 1417 Pythagoreis
2309 1341 2487 1399 erant

600 1450 885 1534 propria.
985 1450 1210 1538 Qualis
1264 1465 1363 1517 est
1415 1429 1899 1518 celebratissima
1957 1449 2062 1518 illa
2121 1450 2201 1517 de
2273 1448 2483 1516 animo

600 1568 948 1655 disputatio
969 1621 993 1655 ,
1038 1591 1223 1654 quam
1259 1570 1327 1638 in
1364 1571 1698 1639 Phaedone
1732 1571 2031 1639 habuisse
2064 1570 2323 1654 fingitur
2365 1570 2489 1638 So·

600 1704 829 1756 crates.
918 1736 972 1773 „
1035 1689 1282 1772 Vetus,
1345 1689 1601 1774 inquit,
1646 1707 1856 1754 sermo
1897 1701 2032 1770 est,
2076 1688 2318 1754 animos
2370 1689 2491 1755 ho·

601 1805 842 1873 minum
884 1805 1029 1872 hinc
1072 1804 1397 1890 profectos
1443 1806 1510 1871 in
1543 1824 1697 1872 orco
1740 1821 1921 1887 esse,
1965 1823 2316 1887 rursusque
2357 1805 2486 1872 huc

598 1922 836 1990 venire.
886 1917 951 1965 <⁰
1035 1920 1444 2009 Quicumque
1482 1920 1645 1989 enim
1689 1923 1783 1989 sic
1824 1941 2092 2008 corpore
2146 1921 2430 1988 exierunt
2458 1967 2487 2005 ,

599 2054 675 2106 ut
720 2039 949 2124 polluti
1005 2042 1142 2127 ejus
1198 2040 1614 2125 contagione,
1688 2039 1899 2124 pravis
1970 2039 2324 2107 etiamnunc
2364 2038 2487 2107 du-

604 2172 829 2226 cantur
902 2156 1330 2241 appetitibus,
1427 2153 1847 2239 libidinibus,
1911 2153 2192 2240 studiis,
2259 2155 2491 2224 oeverti

600 2287 907 2358 quaerunt
966 2274 1133 2341 unde
1193 2251 1642 2340 discesserunt.
1729 2272 1884 2360 Quo
1941 2269 2061 2355 fit,
2121 2287 2195 2339 ut
2254 2289 2488 2341 eorum

598 2390 857 2459 umbrae
900 2405 962 2457 et
998 2390 1294 2474 imagines
1339 2411 1454 2474 per
1496 2393 1783 2474 sepulcra
1832 2390 1965 2459 fere
2018 2405 2080 2457 et
2117 2369 2491 2459 monumen·

481 2565 485 2569 .
599 2524 664 2576 ta
698 2524 1028 2591 vagentur.
1116 2508 1393 2574 Induunt
1434 2508 1630 2591 igitur
1661 2508 1776 2575 alia
1822 2507 1956 2574 sive
1984 2509 2312 2578 hominum
2348 2509 2490 2577 sive

598 2626 953 2693 animalium
1017 2644 1328 2708 corpora,
1396 2645 1555 2709 quac
1620 2624 1889 2706 maxime
1961 2646 2178 2695 eorum
2251 2628 2486 2695 studiis
2587 2675 2594 2680 »

598 2745 1001 2812 conveniant.
1088 2744 1162 2810 In
1203 2743 1415 2810 asinos
1454 2741 1723 2830 migrant
1767 2743 2143 2829 libidinosi,
2189 2745 2255 2812 in
2293 2747 2489 2831 lupos

598 2863 956 2947 tyrannici,
1019 2862 1358 2931 sedatiores
1440 2860 1506 2928 in
1580 2883 1729 2946 apes
1756 2911 1782 2947 ,
1853 2883 2081 2949 vespas
2102 2911 2127 2946 ,
2188 2861 2490 2931 formicas

598 2984 702 3047 vel
777 2979 871 3045 in·
920 2981 1143 3047 similis
1227 2980 1461 3047 indolis
1527 2965 1839 3050 hommes·
1945 2983 2051 3050 Ad
2107 2985 2278 3050 Deos
2331 3002 2489 3050 vero

596 3095 860 3160 transire
920 3096 1152 3160 nemini
1218 3096 1411 3177 licet,
1458 3095 1611 3177 quin
1667 3096 1747 3163 ab
1805 3098 1977 3163 omni
2023 3098 2313 3183 corporis
2348 3097 2491 3168 labe

594 3212 893 3278 immunis
948 3211 1034 3276 sit
1077 3227 1140 3276 et
1191 3231 1417 3295 purus·
1464 3211 1529 3258 <⁰2
2479 3193 2488 3200 ⁹

686 3327 814 3396 Sed
867 3341 940 3393 ut
990 3327 1266 3392 occurrit
1326 3327 1391 3392 in
1451 3326 1551 3393 his
1605 3329 1899 3396 omnibus
1948 3331 2363 3414 Pythagorica
2409 3311 2490 3401 de

595 3447 943 3515 animorum
986 3445 1369 3529 migratione·
1408 3445 1753 3513 sententIa:
1803 3445 1888 3513 ita
1910 3496 1935 3529 ‚
1981 3447 2157 3530 quod
2194 3464 2321 3516 nos
2357 3468 2492 3519 non
2539 3473 2545 3484 ·

592 3556 787 3623 latere
818 3568 1109 3640 oportet,
1156 3567 1533 3638 quamquam
1586 3553 1928 3637 negligitur
1973 3575 2008 3621 a
2047 3554 2313 3640 multis,
2375 3556 2495 3626 do·

594 3673 866 3742 minatur
915 3674 982 3740 in
1037 3667 1259 3738 iisdem
1312 3685 1598 3756 germana
1668 3671 1773 3740 illa
1829 3674 2329 3760 philosophandi
2394 3697 2495 3747 ra·

596 3791 737 3874 tio,
783 3807 971 3877 quam
1025 3791 1277 3859 Platoni
1334 3791 1602 3859 maxime
1673 3793 1991 3877 propriam
2055 3785 2258 3863 fuisse
2330 3795 2493 3864 dixi·

1749 3997 1752 4002 ,
2320 3935 2485 3984 mus.

670 4043 769 4116 (a)
804 4042 1089 4099 Phaedon·
1124 4062 1211 4116 70·
1248 4045 1317 4100 C·
1387 4046 1484 4118 (a)
1522 4037 1663 4101 Eod-
1693 4043 1760 4102 Bt
1804 4037 1866 4102 B.
1903 4039 1992 4103 CI.
2028 4025 2171 4104 'rim
2212 4049 2282 4107 ⁴2
2323 4047 2385 4107 B.
2420 4052 2490 4110 G·
