2792 5167
1089 402 1484 466 ...119—

417 565 692 631 Fabulas
727 560 1108 647 interpretari
1130 610 1156 645 ,
1202 584 1364 648 quae
1401 567 1568 650 apud
1609 564 1937 635 Platonem
1997 564 2206 638 occui-

333 696 529 762 tum,
569 679 918 747 difficillima
980 699 1124 749 sane
1169 700 1270 746 res
1318 695 1443 749 est.
1536 683 1699 749 Nam
1753 683 1847 748 uti
1904 689 2201 755 nolumus

331 799 473 866 illas
522 799 804 882 accipere
851 814 920 864 ut
956 799 1332 871 narrationes
1384 801 1685 882 quasdam
1747 802 1958 868 inanes
1985 850 2010 883 ‚
2060 804 2204 887 qui-

327 917 454 983 bus
495 935 834 1001 puerorum
889 916 1078 983 instar
1132 917 1524 984 oblectemur
1581 919 2015 987 tantummodo
2040 969 2064 1002 ‚
2112 921 2201 988 ita

323 1036 668 1103 cavmdum
723 1050 822 1102 est
881 1035 1184 1117 maxime,
1227 1034 1427 1101 neiis
1480 1054 1732 1103 sensum
1788 1036 2198 1121 significatio·

313 1170 585 1236 nemque
624 1153 978 1221 tribuamus
1000 1201 1027 1235 ‚
1083 1173 1121 1218 a
1172 1151 1543 1235 philosophi
1598 1168 1806 1219 mente
1854 1155 2193 1220 abhorren-

310 1286 464 1339 tem.
551 1274 684 1340 Sed
724 1273 797 1337 in
853 1270 998 1355 ipsa
1040 1268 1226 1334 etiam
1282 1268 1658 1350 exquirenda
1708 1269 1983 1335 auctoris
2008 1286 2193 1357 ⁶menn

312 1405 380 1459 te
429 1404 496 1455 et
519 1386 836 1458 sententia
854 1432 878 1467 ‚
920 1383 1110 1450 facile
1148 1383 1596 1451 committimus
1631 1383 1831 1451 hocce
1848 1430 1873 1464 ‚
1914 1399 1987 1448 ut
2008 1430 2031 1465 ‚
2064 1383 2192 1450 for-

318 1480 428 1571 m}
469 1506 800 1588 neglecta,
836 1502 1254 1569 destituamus
1283 1519 1401 1573 eas
1441 1499 1610 1566 omni
1652 1501 1846 1585 gratia
1882 1516 1943 1566 et
1973 1518 2198 1568 vermes,

321 1636 488 1703 tate,
529 1621 662 1687 imo
695 1620 786 1717 ‘vi
837 1617 1149 1698 maxima,
1215 1637 1374 1700 quae
1416 1616 1665 1700 forma,
1732 1617 1995 1701 babitu,
2041 1621 2193 1686 ima-

313 1738 459 1823 gine
509 1737 693 1805 unice
758 1736 1135 1821 exprimitur
1212 1751 1276 1803 et
1329 1736 1525 1802 veluti
1605 1737 1811 1803 oculis
1884 1739 2195 1823 proponi—

311 1871 442 1922 tur.
472 1855 539 1904 (θ
626 1854 804 1943 Quid
837 1854 1033 1936 igitur
1054 1853 1090 1919 ¹3
1133 1853 1209 1918 In
1244 1853 1651 1937 philosophia
1704 1856 1997 1923 tradenda
2050 1857 2190 1924 Pla.

319 1971 496 2038 tonis
531 1969 902 2041 enarrandae
931 1968 1121 2035 nobis
1151 1971 1585 2036 tantummodo
1619 1984 1771 2037 sunt
1791 2017 1814 2051 ‚
1838 1991 1996 2053 quae
2022 1976 2191 2055 apud

321 2107 464 2156 eum
509 2101 851 2155 occurrunt
893 2085 1193 2153 fabulae?
1255 2087 1391 2154 Imo
1434 2106 1586 2185 vero
1642 2085 2044 2171 explicandae
2100 2090 2193 2155 vi-

316 2206 540 2272 dmmr
589 2202 782 2272 simul
818 2217 882 2272 et
921 2203 1369 2287 illustrandae,
1414 2206 1528 2272 sed
1574 2224 1650 2271 ex
1686 2205 1825 2291 ipsa
1857 2205 2195 2289 antiquita-

321 2321 405 2389 tis
437 2338 500 2389 et
537 2322 814 2393 Platonis
870 2322 1134 2387 ratione.
1220 2321 1449 2387 Exstat
1481 2321 1547 2386 in
1590 2322 1811 2395 eodem
1860 2323 2189 2407 symposio

314 2441 432 2511 alia
484 2442 631 2509 item
675 2441 754 2507 de
801 2459 1010 2509 amore
1047 2438 1260 2519 fabula
1284 2487 1308 2522 ‚
1372 2436 1626 2506 brevius
1678 2456 1954 2511 enarrata
1978 2487 2004 2524 ‚
2073 2441 2189 2507 sed

313 2577 444 2634 non
516 2559 726 2625 minus
784 2560 969 2641 plena
1035 2556 1356 2623 interioris
1420 2558 1886 2641 philosophiae.
1995 2606 2050 2641 „
2113 2558 2189 2629 Si

320 2675 678 2759 quaerimus
696 2720 722 2754 ‚
787 2676 876 2739 ait
941 2673 1229 2740 Diotime
1253 2719 1277 2753 .‚
1339 2676 1505 2738 unde
1558 2692 1741 2739 ortus
1804 2674 1892 2738 sit
1967 2693 2139 2740 amor
2161 2724 2186 2755 ‚

319 2792 557 2858 Porum
593 2788 820 2854 habuit
857 2802 1098 2869 patrem
1119 2834 1145 2866 ‚
1187 2794 1445 2851 matrem
1480 2789 1758 2853 Peniam.
1802 2789 1967 2853 Nam
2004 2808 2202 2870 quan·

315 2908 404 2973 do
451 2921 598 2974 nata
649 2917 783 2970 erat
839 2904 1065 2970 Venus
1090 2950 1114 2985 ‚
1180 2902 1535 2971 convivium
1589 2902 1985 2971 celebrabant
2030 2906 2189 2990 Dii,

306 3045 452 3094 cum
500 3021 770 3104 caeteri,
817 3035 952 3089 tum
993 3018 1262 3088 Metidis
1303 3020 1512 3103 filius,
1553 3022 1777 3089 Porus.
1873 3024 2038 3091 Cum
2080 3047 2193 3093 au-

307 3160 432 3212 tem
485 3140 736 3209 coenati
800 3155 1058 3221 essent,
1126 3138 1339 3205 cibum
1423 3141 1875 3224 mendicatum,
1949 3145 2191 3231 quippe

307 3261 703 3337 effluentibus
753 3258 888 3325 illic
943 3257 1185 3342 epuIiS,
1253 3260 1512 3326 accessit
1564 3261 1752 3329 Penia
1814 3277 1876 3327 et
1940 3264 2190 3331 adstitit

317 3379 580 3446 foribus.
661 3379 838 3446 Tum
863 3379 1069 3445 Porus
1093 3425 1117 3460 ‚
1161 3375 1228 3447 in
1263 3378 1436 3442 Iovis
1474 3396 1857 3461 progressus
1886 3379 2140 3441 hortum
2164 3426 2189 3457 ‚

319 3513 558 3565 nectare
612 3496 822 3561 ebrius
862 3510 1286 3577 gravatusque
1320 3493 1695 3559 dormiebat.
1761 3491 1949 3559 Penia
1997 3491 2189 3572 igitur

319 3614 448 3683 hoc
485 3612 717 3694 agitans
749 3611 1086 3679 consilium
1113 3659 1138 3692 ‚
1183 3627 1253 3676 ut
1277 3659 1300 3693 ,
1345 3610 1533 3695 inops
1577 3612 1761 3693 ipsa,
1806 3627 1883 3673 ex
1916 3609 2089 3681 Poro,
2122 3609 2193 3675 fi.

2035 3725 2187 3797 lium

379 3869 480 3940 (ι)
523 3868 593 3920 V.
636 3869 926 3939 Wyttenb.
981 3874 1040 3927 in
1074 3872 1253 3940 Epist.
1313 3871 1615 3939 specimini
1663 3884 1789 3928 men
1840 3866 1979 3931 Pht.
2023 3891 2192 3947 prae-

302 3960 472 4027 naim
505 3976 563 4030 r·
599 3959 686 4035 ³2·

1189 4062 1257 4133 Η
1296 4082 1338 4153 4
