2792 5167
977 528 1367 593 ..237-

226 695 575 779 sapientem
596 737 621 774 ,
666 691 885 761 virtuti
911 692 1210 759 tribuitur
1233 742 1258 776 ,
1299 694 1675 763 contrarium
1715 710 1864 761 vero
1887 692 2095 762 vitio?

226 848 322 866 -
365 811 581 880 Certe.
606 844 701 861 —
740 808 957 897 Quid?
999 828 1209 877 nonne
1245 808 1556 877 fortitudo
1592 811 1771 877 etiam
1802 808 2100 878 tribuitur

232 930 498 1012 virtuti,
543 927 784 1013 ignavia
821 928 1035 996 vitio?
1078 963 1172 982 —
1211 927 1495 1013 Quidni?
1538 964 1630 982 —
1685 929 1786 995 Ex
1829 926 1908 993 iis
1948 928 2102 997 haec

233 1045 483 1129 turpia,
527 1044 631 1111 illa
664 1064 819 1112 vero
858 1047 1124 1111 honesta
1156 1045 1504 1112 dicuntur?
1526 1082 1616 1099 —
1653 1044 2107 1113 Dicuntur.—

244 1166 365 1235 Kai
398 1172 515 1235 τῶν
554 1166 667 1247 μὲν
712 1166 1020 1243 προσήκειν
1057 1167 1198 1248 ἡμῖν
1212 1212 1232 1240 ,
1275 1166 1470 1235 ὀπόσοι
1504 1169 1781 1248 Φλοιῦρα·
1861 1166 2004 1240 θεοῖς
2045 1165 2108 1234 δὲ

245 1284 387 1352 οὔτε
425 1283 599 1364 μέγα
634 1282 771 1351 οὔτε
812 1283 1052 1365 σμικρὸν
1109 1288 1224 1351 τῶν
1274 1282 1548 1350 τοιούτων
1602 1283 1786 1363 μετὸν
1828 1284 2066 1365 ἐροῦμεν
2084 1304 2110 1355 ὅ

248 1395 348 1462 ,Et
388 1417 551 1483 quae
592 1400 664 1462 in
699 1399 795 1463 ht‘s
827 1386 1005 1462 vitia'
1029 1410 1176 1463 sunt
1203 1441 1228 1475 ,
1268 1395 1438 1461 nobis
1475 1400 1668 1461 inesse
1695 1416 1864 1484 posse
1880 1421 1909 1481 ,·
1949 1394 2114 1461 Deos

248 1535 401 1583 νον-ο
439 1535 652 1583 eorum
686 1516 1029 1603 participes
1069 1512 1239 1580 nullo
1278 1510 1450 1580 modo
1489 1512 1754 1580 dicemus
1777 1516 1819 1580 ἒ
1856 1546 1949 1566 -
2027 1510 2120 1579 Et

250 1635 405 1700 haec
441 1631 653 1715 quivis
695 1630 1101 1698 concesserit.
1142 1665 1234 1683 -
1274 1629 1608 1712 Numquid
1643 1625 2121 1713 negligentiam,

254 1748 549 1817 desidiam
573 1796 597 1831 ,
642 1748 926 1830 delicias,
962 1747 1176 1813 ‘animi
1208 1747 1504 1815 virtutem
1544 1745 1957 1830 putabimus?
2042 1743 2128 1810 a‘n

256 1864 689 1933 contrarium?
729 1901 823 1917 —
884 1864 1315 1932 Contrarium.
1355 1899 1450 1918 —
1513 1863 1648 1949 Qui
1685 1863 1974 1943 deliciis,
2017 1880 2130 1929 ne·

261 1981 591 2066 gligentiae
641 1981 1037 2065 desidiaeque
1087 1980 1339 2048 deditus
1392 1994 1536 2062 est,
1581 1999 1761 2062 quem
1811 1982 1998 2064 poeta
2037 1979 2132 2060 ig·

263 2097 441 2163 navis
498 2097 763 2165 maxime
821 2095 986 2165 fucis
1055 2098 1323 2164 similem
1384 2097 1728 2163 rectissime
1786 2097 1985 2178 dicit,
2043 2091 2130 2162 (¹)

263 2232 480 2282 nonne
512 2214 661 2283 odio
698 2215 888 2283 nobis
924 2215 1295 2283 habendus?
1337 2251 1428 2268 —
1469 2213 1773 2280 Omnino.
1814 2250 1909 2269 -
1972 2222 2136 2288 οὐκ·

270 2338 372 2402 οὖν
426 2334 526 2404 τόν
579 2358 657 2414 γε
712 2337 835 2403 θεὸν
890 2337 955 2402 οὖ
1008 2335 1203 2416 ῥητέον
1278 2336 1445 2429 ἔχειν
1491 2330 1618 2410 ἦθος
1668 2339 1923 2402 τοιοῦτον
1974 2331 2013 2402 3
2056 2334 2136 2414 y}

268 2476 363 2521 τοι
404 2454 587 2527 αὐτὸς
627 2463 835 2533 μισεῖ·
956 2454 1041 2535 τῷ
1082 2451 1151 2518 τέ
1192 2474 1253 2518 τι
1293 2454 1550 2518 τοιοῦτον
1585 2450 1964 2533 Φθέγγεσθοιι
2004 2473 2136 2518 πει·

270 2570 506 2652 ρωμένῳ
546 2572 652 2637 οὐκ
689 2569 1093 2650 ἐπιτρεπτέον.
1222 2564 1375 2631 Non
1422 2584 1569 2650 ergo
1619 2563 1908 2631 dIccndus
1961 2564 2138 2631 Deus

274 2687 434 2753 tales
489 2707 687 2753 mores
734 2685 960 2752 habere
977 2733 1002 2767 ,
1043 2707 1192 2773 quos
1232 2690 1360 2772 ipse
1403 2683 1531 2752 odit
1547 2706 1576 2751 .·
1667 2707 1775 2752 nec
1814 2683 2141 2752 conceden-

268 2799 422 2869 dum
467 2801 587 2867 ulli
627 2816 716 2869 cst
755 2806 853 2868 ita
894 2800 1121 2868 ὀίεαι-ε.
1166 2838 1255 2854 -
1315 2801 1517 2868 Nullo
1553 2784 1766 2866 modo.
1811 2831 1909 2849 —
1989 2801 2142 2868 Por·

273 2938 395 3001 το,
464 2921 636 3004 quod
684 2938 886 2984 rerum
933 2919 1317 2984 minimarum
1358 2936 1566 2984 curam
1607 2916 1874 2997 attinet,
1937 2916 1994 2981 si
2037 2915 2143 2982 cui

282 3053 573 3120 magnum
633 3035 950 3120 negotium
1012 3034 1451 3118 perficiendum
1517 3049 1658 3117 est,
1713 3033 1770 3100 is
1824 3053 1975 3100 vero
2019 3052 2147 3099 ma·

280 3153 451 3221 xima
505 3172 788 3235 quaeque
848 3166 1063 3233 curat,
1148 3150 1394 3217 minima
1436 3150 1738 3237 negligit,
1824 3151 2144 3234 quomodo

288 3273 458 3337 hunc
493 3270 808 3335 laudantes
842 3287 970 3334 non
1008 3268 1403 3335 errabimus?
1486 3286 1624 3335 nam
1658 3282 1798 3349 aget
1831 3268 1913 3333 ita
1935 3314 1958 3348 ,
2003 3268 2143 3347 vel,

286 3386 435 3469 quia
472 3384 631 3451 nihil
674 3382 975 3451 interesse
1013 3385 1210 3450 totius
1249 3399 1467 3469 putat,
1510 3384 1566 3449 si
1602 3403 1790 3467 parva
1826 3384 2153 3468 negligun-

289 3519 430 3583 tur,
476 3503 616 3583 vel,
662 3502 843 3585 quia,
892 3501 1033 3567 licet
1055 3501 1349 3567 interesse
1370 3498 1706 3583 opinetur,
1749 3498 1969 3567 inertia
1990 3500 2150 3565 mol·

292 3621 551 3705 litieque
582 3622 873 3689 detentus
897 3666 921 3701 ,
960 3617 1257 3703 negliget.
1299 3651 1393 3670 —
1433 3616 1541 3682 Sic
1581 3634 1652 3683 se
1693 3634 1791 3681 res
1832 3613 2151 3681 habet.—

298 3736 419 3804 Sed
461 3755 624 3803 nunc
674 3735 766 3801 illi
821 3735 947 3800 duo
1008 3733 1212 3799 tribus
1253 3732 1440 3799 nobis
1478 3730 1932 3814 respondeant,
1994 3729 2151 3812 qui,

290 3853 439 3922 licet
488 3872 629 3920 esse
674 3854 851 3920 Deos
908 3852 1288 3931 concedant,
1352 3851 1505 3914 alter
1547 3862 1747 3914 tamen
1793 3844 1975 3912 facile
2021 3844 2153 3927 pla·

2052 3980 2152 4026 ca-

254 4074 279 4095 ·
374 4108 465 4173 (ι)
498 4104 767 4161 Hesiodus
789 4106 893 4177 ⁰1²·
906 4113 961 4159 et
976 4105 1109 4158 dier.
1127 4122 1210 4161 vs·
1226 4103 1344 4158 δοο.
1371 4104 1460 4159 Cf.
1479 4100 1699 4160 nubat.
1718 4102 1796 4163 αᾰ
1813 4102 1952 4159 Tim.
1973 4086 2151 4170 [ιζιδγ.

1148 4208 1194 4273 Ρ
1240 4230 1277 4273 a
