2792 5167
731 670 851 747 χῆἐ
912 665 974 731 δὲ
1033 669 1406 748 ςοχαιστικῆς
1484 667 1586 732 καὶ
1657 667 1923 750 ἀνδρείαις
2002 664 2102 732 καὶ
2156 665 2338 749 φύσει
2394 667 2571 740 δεινῆς

731 790 1097 868 πρρςομι).εῖν
1155 792 1278 855 τοῖς
1327 783 1663 864 ἀνθρώποις·
1703 808 1805 850 και
1823 790 1922 851 λῶ
1965 786 2046 852 δὲ
2104 808 2148 850 α
2168 786 2202 850 ὕ
2223 808 2264 850 τ
2282 807 2312 849 ο
2333 787 2369 849 ὕ
2428 785 2459 847 ἐ
2473 806 2521 860 y
2542 787 2581 847 ὼ

732 881 824 965 ab
884 897 1388 979 κεφάλαιον,
1435 899 1915 964 κολακείαν
1959 893 2047 959 ‘¹'-
2136 883 2590 961 Videtur'mi-

730 1011 804 1076 ht
857 1031 979 1077 esse
1027 1007 1293 1077 studium
1359 1009 1662 1096 quoddam
1684 1057 1709 1091 ,
1785 1031 1906 1076 non
1951 1009 2196 1096 quidem
2250 1025 2399 1077 arte
2447 1030 2591 1075 con-

731 1139 973 1194 tentum
993 1175 1018 1209 ,
1059 1126 1167 1193 sed
1208 1130 1445 1212 ingenii
1478 1129 1718 1211 sagacis
1737 1173 1762 1208 ,
1803 1130 2062 1212 aptique
2103 1105 2358 1191 naiurd
2386 1144 2452 1190 ct
2474 1141 2591 1212 po·

731 1247 919 1312 tentis
976 1242 1069 1310 ad
1112 1245 1421 1309 homt'num
1496 1242 1614 1309 sibi
1677 1238 2166 1339 consuetudinem
2235 1239 2587 1304 concilian-

732 1358 926 1426 dam:
964 1382 1360 1427 summam
1421 1374 1710 1427 autem
1765 1360 1948 1442 ejus
2005 1371 2081 1423 et
2138 1369 2580 1444 caputcap-

715 1476 959 1564 pello
1023 1476 1661 1545 adulationem.
1781 1474 1950 1541 Hinc
2032 1471 2258 1553 efficit,
2336 1484 2578 1536 tantum

727 1591 992 1672 abesse,
1058 1608 1129 1658 ut
1153 1639 1180 1674 ,
1225 1611 1387 1674 quae
1443 1593 1700 1658 summis
1755 1591 1820 1656 in
1868 1592 2113 1657 coelum
2159 1585 2445 1654 laudibus
2495 1582 2591 1651 ef·

725 1704 875 1772 ferri
927 1709 1090 1774 solet
1158 1706 1399 1773 dicendi
1458 1726 1559 1773 ars
1585 1754 1610 1789 ,
1694 1706 1881 1792 digna
1933 1706 2035 1773 his
2095 1703 2384 1771 laudibus
2451 1702 2587 1782 sit,

725 1838 801 1889 ut
844 1841 927 1890 ne
974 1843 1073 1891 ars
1138 1823 1388 1907 quidem
1446 1821 1572 1891 dici
1631 1823 1850 1892 debat
1893 1839 1959 1890 et
1998 1839 2151 1889 vero
2207 1820 2287 1886 ad
2347 1818 2592 1904 gravis·

723 1940 952 2007 simum
987 1942 1287 2024 pertineat
1317 1941 1590 2007 hominis
1639 1940 2105 2007 detrimentum.
2190 1938 2352 2004 Nam
2403 1934 2593 2015 quid-

718 2055 787 2120 ni
834 2055 1187 2137 pertineat,
1230 2055 1359 2134 ait,
1404 2075 1549 2121 cum
1595 2056 1786 2121 studii
1835 2072 1979 2137 pars
2027 2054 2110 2118 sit
2154 2050 2432 2116 omnium
2486 2051 2586 2118 vi-

719 2166 946 2234 lissimi
1008 2171 1583 2255 abjectissimique,
1625 2171 2085 2237 ,adulationem
2170 2166 2422 2251 Fingit,
2483 2169 2589 2234 his

716 2283 806 2350 ita
861 2285 1168 2369 explicitis
1192 2332 1217 2367 ,
1299 2285 1588 2352 Socrates
1637 2286 1771 2353 sive
1826 2292 2003 2371 μυθὸν
2060 2286 2197 2352 sive
2232 2285 2585 2370 apologum

719 2397 798 2464 de
842 2399 1192 2468 ‘adulatoria
1250 2415 1381 2468 arte
1401 2448 1426 2481 ,
1470 2418 1597 2482 quo
1652 2413 1850 2465 totam
1905 2400 1972 2465 in
2024 2402 2167 2466 luce
2217 2400 2398 2483 ponit
2459 2402 2585 2467 So·
2617 2369 2640 2388 ⁴*

716 2515 1063 2599 phistarum
1101 2517 1495 2584 calliditatem
1530 2537 1599 2582 ac
1636 2515 2130 2601 perversitatem.
2163 2497 2168 2506 ’
2220 2517 2383 2582 Sunt
2433 2539 2589 2600 qua·

721 2646 873 2700 tuor
929 2633 1065 2702 sive
1108 2648 1273 2702 artes
1330 2634 1468 2701 sive
1520 2652 1667 2716 res,
1728 2633 1981 2717 inquit,
2039 2633 2226 2699 rebus
2289 2634 2583 2702 humanis

719 2752 1023 2835 perutiles
1086 2767 1151 2818 et
1219 2752 1600 2819 necessariae
1622 2800 1647 2834 ‚
1734 2770 1991 2833 quarum
2066 2751 2223 2817 duae
2283 2753 2537 2835 corpori
2562 2799 2586 2833 ,

716 2869 880 2935 duae
928 2869 1133 2962 animo
1188 2869 1623 2951 prospiciunt:
1668 2868 1812 2934 illae
1866 2883 2016 2933 sunt
2062 2873 2457 2953 gymnastico
2517 2883 2584 2938 et

713 2983 1021 3049 medicina
1039 3027 1063 3060 2
1109 2983 1221 3046 1¹³⁸
1240 3028 1264 3061 2
1311 2982 1438 3046 illis
1490 2988 1830 3069 ἆντίςροφοι
1853 3031 1876 3064 ,
1919 2985 2306 3070 legislator-ia
2345 2999 2412 3050 et
2436 2986 2584 3071 jus-

706 3100 905 3164 titia:
956 3115 1154 3164 unum
1205 3113 1304 3164 est
1363 3097 1581 3164 harum
1638 3099 1920 3164 omnium
1973 3117 2302 3166 commune
2359 3109 2580 3167 consi-

656 3251 669 3258 ·
706 3193 905 3296 lium,
949 3226 1020 3279 ut
1079 3213 1399 3282 hominem
1457 3214 1722 3281 efficiant
1782 3215 1952 3282 omni
1998 3197 2174 3299 parte
2223 3214 2572 3297 perfectum

709 3330 1221 3412 absolutumque.
1330 3329 1526 3417 Quod
1586 3333 1860 3398 sentiens
1925 3331 2326 3412 Adulatoria,
2408 3333 2579 3398 baud

710 3449 915 3515 sciens
973 3447 1223 3531 quidem
1250 3494 1274 3529 ,
1320 3467 1462 3514 nam
1513 3449 1673 3515 nihil
1715 3449 1897 3516 habet
1934 3469 2078 3517 cum
2117 3449 2370 3516 scientia
2407 3469 2582 3516 com-

710 3586 943 3646 mune,
1026 3567 1138 3636 sed
1194 3568 1593 3650 conjectam,
1660 3567 1725 3632 in
1781 3583 2051 3649 quatuor
2106 3582 2303 3635 semet
2365 3584 2578 3651 partes

704 3681 963 3762 divisit,
1043 3682 1373 3765 induitque
1413 3684 1537 3748 has
1597 3703 1695 3750 res
1747 3700 2043 3767 artesque
2093 3679 2425 3769 singulas,
2510 3698 2581 3750 ut

701 3811 845 3860 esse
887 3796 1245 3881 singulatim
1308 3799 1628 3866 videretur
1653 3848 1676 3881 ,
1767 3820 2031 3882 quarum
2097 3802 2380 3868 omnium
2435 3817 2576 3883 spe·

704 3909 860 3975 ciem
916 3928 1316 3983 assumserat.
1407 3916 1500 3983 Ita
1549 3916 1816 3999 accidit,
1865 3918 2040 4000 quod
2081 3935 2249 3986 nunc
2308 3914 2570 3983 fierivi-

769 4132 849 4206 (ι)
888 4129 1057 4201 Gorg.
1092 4133 1193 4189 462
1240 4132 1297 4187 n.
1338 4135 1443 4190 463
1478 4137 1546 4191 A.
2467 4031 2572 4099 de-
