<?xml version="1.0" encoding="UTF-8"?>
<!DOCTYPE html PUBLIC "-//W3C//DTD XHTML 1.0 Transitional//EN"
    "http://www.w3.org/TR/xhtml1/DTD/xhtml1-transitional.dtd">
<html xmlns="http://www.w3.org/1999/xhtml" xml:lang="en" lang="en">
 <head>
  <title>
</title>
<meta http-equiv="Content-Type" content="text/html;charset=utf-8" />
  <meta name='ocr-system' content='tesseract 3.04.00' />
  <meta name='ocr-capabilities' content='ocr_page ocr_carea ocr_par ocr_line ocrx_word'/>
</head>
<body>
  <div class='ocr_page' id='page_1' title='image "./initiaphilosoph05heusgoog_0638.png"; bbox 0 0 2792 5167; ppageno 0'>
   <div class='ocr_carea' id='block_1_1' title="bbox 1060 512 1360 580">
    <p class='ocr_par' dir='ltr' id='par_1_1' title="bbox 1060 512 1360 580">
     <span class='ocr_line' id='line_1_1' title="bbox 1060 512 1360 580; baseline 0 -27"><span class='ocrx_word' id='word_1_1' title='bbox 1060 512 1360 580; x_wconf 62' lang='lat'><strong>—7—</strong></span> 
     </span>
    </p>
   </div>
   <div class='ocr_carea' id='block_1_2' title="bbox 274 676 2149 2277">
    <p class='ocr_par' dir='ltr' id='par_1_2' title="bbox 274 676 2138 1229">
     <span class='ocr_line' id='line_1_2' title="bbox 275 676 2131 762; baseline -0.005 -12"><span class='ocrx_word' id='word_1_2' title='bbox 275 681 516 757; x_wconf 78' lang='lat' dir='ltr'><strong>scilicet</strong></span> <span class='ocrx_word' id='word_1_3' title='bbox 574 682 720 748; x_wconf 69' lang='lat' dir='ltr'><strong>vera</strong></span> <span class='ocrx_word' id='word_1_4' title='bbox 765 677 1205 762; x_wconf 72' lang='lat' dir='ltr'>philosophiae</span> <span class='ocrx_word' id='word_1_5' title='bbox 1262 678 1479 745; x_wconf 69' lang='lat' dir='ltr'><strong>schola</strong></span> <span class='ocrx_word' id='word_1_6' title='bbox 1536 676 1755 749; x_wconf 71' lang='lat' dir='ltr'><strong>eruditi</strong></span> <span class='ocrx_word' id='word_1_7' title='bbox 1776 722 1800 757; x_wconf 87' lang='lat'>‚</span> <span class='ocrx_word' id='word_1_8' title='bbox 1844 692 1909 743; x_wconf 89' lang='lat' dir='ltr'><strong>et</strong></span> <span class='ocrx_word' id='word_1_9' title='bbox 1966 696 2131 743; x_wconf 79' lang='lat' dir='ltr'><strong>nova</strong></span> 
     </span>
     <span class='ocr_line' id='line_1_3' title="bbox 274 793 2133 879; baseline -0.006 -9"><span class='ocrx_word' id='word_1_10' title='bbox 274 799 635 879; x_wconf 75' lang='lat' dir='ltr'><strong>inveniant,</strong></span> <span class='ocrx_word' id='word_1_11' title='bbox 681 814 842 879; x_wconf 88' lang='lat' dir='ltr'><strong>quae</strong></span> <span class='ocrx_word' id='word_1_12' title='bbox 885 793 1206 862; x_wconf 80' lang='lat' dir='ltr'><strong>verissima</strong></span> <span class='ocrx_word' id='word_1_13' title='bbox 1253 793 1421 875; x_wconf 90' lang='lat' dir='ltr'><strong>sint,</strong></span> <span class='ocrx_word' id='word_1_14' title='bbox 1470 808 1531 861; x_wconf 92' lang='lat' dir='ltr'><strong>et</strong></span> <span class='ocrx_word' id='word_1_15' title='bbox 1591 808 1732 878; x_wconf 88' lang='lat' dir='ltr'><strong>apte</strong></span> <span class='ocrx_word' id='word_1_16' title='bbox 1777 795 1924 861; x_wconf 86' lang='lat' dir='ltr'><strong>haec</strong></span> <span class='ocrx_word' id='word_1_17' title='bbox 1981 809 2133 858; x_wconf 83' lang='lat' dir='ltr'><strong>tcm-</strong></span> 
     </span>
     <span class='ocr_line' id='line_1_4' title="bbox 275 909 2138 1001; baseline -0.005 -17"><span class='ocrx_word' id='word_1_18' title='bbox 275 916 548 1001; x_wconf 88' lang='lat' dir='ltr'><strong>poribus</strong></span> <span class='ocrx_word' id='word_1_19' title='bbox 597 912 837 980; x_wconf 87' lang='lat' dir='ltr'><strong>nostris</strong></span> <span class='ocrx_word' id='word_1_20' title='bbox 881 911 1372 978; x_wconf 71' lang='lat' dir='ltr'><strong>accommodent.</strong></span> <span class='ocrx_word' id='word_1_21' title='bbox 1462 910 1566 977; x_wconf 90' lang='lat' dir='ltr'><strong>Sic</strong></span> <span class='ocrx_word' id='word_1_22' title='bbox 1609 909 1847 977; x_wconf 89' lang='lat' dir='ltr'><strong>scilicet</strong></span> <span class='ocrx_word' id='word_1_23' title='bbox 1888 929 2138 994; x_wconf 82' lang='lat' dir='ltr'><strong>aggres-</strong></span> 
     </span>
     <span class='ocr_line' id='line_1_5' title="bbox 278 1025 2138 1121; baseline -0.004 -21"><span class='ocrx_word' id='word_1_24' title='bbox 278 1032 338 1100; x_wconf 84' lang='lat' dir='ltr'><strong>si</strong></span> <span class='ocrx_word' id='word_1_25' title='bbox 391 1049 562 1116; x_wconf 88' lang='lat' dir='ltr'><strong>opus</strong></span> <span class='ocrx_word' id='word_1_26' title='bbox 619 1029 802 1095; x_wconf 86' lang='lat' dir='ltr'><strong>iidem</strong></span> <span class='ocrx_word' id='word_1_27' title='bbox 869 1027 958 1095; x_wconf 86' lang='lat' dir='ltr'><strong>illi</strong></span> <span class='ocrx_word' id='word_1_28' title='bbox 1012 1042 1209 1107; x_wconf 85' lang='lat' dir='ltr'><strong>sunt,</strong></span> <span class='ocrx_word' id='word_1_29' title='bbox 1274 1026 1387 1110; x_wconf 86' lang='lat' dir='ltr'><strong>qui</strong></span> <span class='ocrx_word' id='word_1_30' title='bbox 1452 1025 1689 1121; x_wconf 80' lang='lat' dir='ltr'><strong>optime</strong></span> <span class='ocrx_word' id='word_1_31' title='bbox 1739 1028 2138 1111; x_wconf 70' lang='lat' dir='ltr'><strong>praecedente</strong></span> 
     </span>
     <span class='ocr_line' id='line_1_6' title="bbox 278 1142 1656 1229; baseline -0.004 -11"><span class='ocrx_word' id='word_1_32' title='bbox 278 1150 532 1218; x_wconf 82' lang='lat' dir='ltr'><strong>saeculo</strong></span> <span class='ocrx_word' id='word_1_33' title='bbox 569 1148 646 1215; x_wconf 89' lang='lat' dir='ltr'><strong>de</strong></span> <span class='ocrx_word' id='word_1_34' title='bbox 682 1143 1088 1229; x_wconf 69' lang='lat' dir='ltr'><strong>philosophia</strong></span> <span class='ocrx_word' id='word_1_35' title='bbox 1130 1142 1386 1210; x_wconf 89' lang='lat' dir='ltr'><strong>fuerunt</strong></span> <span class='ocrx_word' id='word_1_36' title='bbox 1429 1143 1656 1213; x_wconf 89' lang='lat' dir='ltr'><strong>meriti.</strong></span> 
     </span>
    </p>

    <p class='ocr_par' dir='ltr' id='par_1_3' title="bbox 276 1259 2149 2277">
     <span class='ocr_line' id='line_1_7' title="bbox 365 1259 2140 1351; baseline -0.003 -20"><span class='ocrx_word' id='word_1_37' title='bbox 365 1265 544 1351; x_wconf 82' lang='lat' dir='ltr'><strong>Quae</strong></span> <span class='ocrx_word' id='word_1_38' title='bbox 582 1281 724 1330; x_wconf 89' lang='lat' dir='ltr'><strong>cum</strong></span> <span class='ocrx_word' id='word_1_39' title='bbox 766 1262 973 1329; x_wconf 89' lang='lat' dir='ltr'><strong>animo</strong></span> <span class='ocrx_word' id='word_1_40' title='bbox 1017 1263 1331 1328; x_wconf 82' lang='lat' dir='ltr'><strong>volverem</strong></span> <span class='ocrx_word' id='word_1_41' title='bbox 1384 1260 1665 1342; x_wconf 83' lang='lat' dir='ltr'><strong>mihique</strong></span> <span class='ocrx_word' id='word_1_42' title='bbox 1719 1259 1782 1325; x_wconf 92' lang='lat' dir='ltr'><strong>in</strong></span> <span class='ocrx_word' id='word_1_43' title='bbox 1838 1259 1971 1329; x_wconf 91' lang='lat' dir='ltr'><strong>dies</strong></span> <span class='ocrx_word' id='word_1_44' title='bbox 2017 1278 2140 1326; x_wconf 84' lang='lat' dir='ltr'><strong>ma·</strong></span> 
     </span>
     <span class='ocr_line' id='line_1_8' title="bbox 281 1377 2141 1467; baseline -0.003 -19"><span class='ocrx_word' id='word_1_45' title='bbox 281 1383 417 1467; x_wconf 76' lang='lat' dir='ltr'><strong>gis,</strong></span> <span class='ocrx_word' id='word_1_46' title='bbox 481 1379 811 1447; x_wconf 89' lang='lat' dir='ltr'><strong>scribendo</strong></span> <span class='ocrx_word' id='word_1_47' title='bbox 868 1380 992 1444; x_wconf 91' lang='lat' dir='ltr'><strong>hoc</strong></span> <span class='ocrx_word' id='word_1_48' title='bbox 1055 1395 1287 1461; x_wconf 89' lang='lat' dir='ltr'><strong>opere,</strong></span> <span class='ocrx_word' id='word_1_49' title='bbox 1357 1377 1681 1461; x_wconf 85' lang='lat' dir='ltr'><strong>probarem</strong></span> <span class='ocrx_word' id='word_1_50' title='bbox 1746 1395 1817 1442; x_wconf 90' lang='lat' dir='ltr'><strong>ac</strong></span> <span class='ocrx_word' id='word_1_51' title='bbox 1889 1394 2141 1460; x_wconf 87' lang='lat' dir='ltr'><strong>persua·</strong></span> 
     </span>
     <span class='ocr_line' id='line_1_9' title="bbox 277 1493 2142 1577; baseline -0.002 -13"><span class='ocrx_word' id='word_1_52' title='bbox 277 1498 525 1577; x_wconf 82' lang='lat' dir='ltr'><strong>derem,</strong></span> <span class='ocrx_word' id='word_1_53' title='bbox 593 1495 686 1563; x_wconf 90' lang='lat' dir='ltr'><strong>sic</strong></span> <span class='ocrx_word' id='word_1_54' title='bbox 741 1493 1128 1575; x_wconf 83' lang='lat' dir='ltr'><strong>existimavi,</strong></span> <span class='ocrx_word' id='word_1_55' title='bbox 1203 1493 1656 1561; x_wconf 75' lang='lat' dir='ltr'><strong>instaurandam</strong></span> <span class='ocrx_word' id='word_1_56' title='bbox 1717 1493 1816 1559; x_wconf 85' lang='lat' dir='ltr'><strong>his</strong></span> <span class='ocrx_word' id='word_1_57' title='bbox 1880 1494 2142 1560; x_wconf 81' lang='lat' dir='ltr'><strong>maxime</strong></span> 
     </span>
     <span class='ocr_line' id='line_1_10' title="bbox 280 1609 2138 1697; baseline -0.002 -17"><span class='ocrx_word' id='word_1_58' title='bbox 280 1613 672 1697; x_wconf 74' lang='lat' dir='ltr'><strong>temporibus</strong></span> <span class='ocrx_word' id='word_1_59' title='bbox 728 1629 870 1678; x_wconf 88' lang='lat' dir='ltr'><strong>esse</strong></span> <span class='ocrx_word' id='word_1_60' title='bbox 917 1610 1236 1693; x_wconf 87' lang='lat' dir='ltr'><strong>antiquam</strong></span> <span class='ocrx_word' id='word_1_61' title='bbox 1291 1609 1718 1690; x_wconf 85' lang='lat' dir='ltr'><strong>Graecorum,</strong></span> <span class='ocrx_word' id='word_1_62' title='bbox 1783 1612 2138 1694; x_wconf 86' lang='lat' dir='ltr'><strong>praesertim</strong></span> 
     </span>
     <span class='ocr_line' id='line_1_11' title="bbox 276 1727 2135 1812; baseline -0.001 -15"><span class='ocrx_word' id='word_1_63' title='bbox 276 1728 652 1797; x_wconf 81' lang='lat' dir='ltr'><strong>Platonicam</strong></span> <span class='ocrx_word' id='word_1_64' title='bbox 698 1727 1193 1812; x_wconf 80' lang='lat' dir='ltr'><strong>philosophiam.</strong></span> <span class='ocrx_word' id='word_1_65' title='bbox 1322 1727 1485 1794; x_wconf 90' lang='lat' dir='ltr'><strong>Nam</strong></span> <span class='ocrx_word' id='word_1_66' title='bbox 1544 1727 1933 1794; x_wconf 79' lang='lat' dir='ltr'><strong>Platonicam</strong></span> <span class='ocrx_word' id='word_1_67' title='bbox 1994 1748 2135 1795; x_wconf 90' lang='lat' dir='ltr'><strong>cum</strong></span> 
     </span>
     <span class='ocr_line' id='line_1_12' title="bbox 279 1841 2144 1929; baseline -0.002 -17"><span class='ocrx_word' id='word_1_68' title='bbox 279 1844 741 1929; x_wconf 76' lang='lat' dir='ltr'><strong>philoeophiam</strong></span> <span class='ocrx_word' id='word_1_69' title='bbox 786 1844 1093 1927; x_wconf 89' lang='lat' dir='ltr'><strong>dicimus,</strong></span> <span class='ocrx_word' id='word_1_70' title='bbox 1135 1860 1267 1910; x_wconf 91' lang='lat' dir='ltr'><strong>non</strong></span> <span class='ocrx_word' id='word_1_71' title='bbox 1316 1843 1503 1909; x_wconf 91' lang='lat' dir='ltr'><strong>unius</strong></span> <span class='ocrx_word' id='word_1_72' title='bbox 1557 1841 1977 1925; x_wconf 79' lang='lat' dir='ltr'><strong>significamus</strong></span> <span class='ocrx_word' id='word_1_73' title='bbox 2026 1844 2144 1909; x_wconf 86' lang='lat' dir='ltr'><strong>viri</strong></span> 
     </span>
     <span class='ocr_line' id='line_1_13' title="bbox 281 1959 2142 2045; baseline -0.001 -18"><span class='ocrx_word' id='word_1_74' title='bbox 281 1961 421 2029; x_wconf 84' lang='lat' dir='ltr'><strong>sive</strong></span> <span class='ocrx_word' id='word_1_75' title='bbox 494 1960 719 2044; x_wconf 89' lang='lat' dir='ltr'><strong>placita</strong></span> <span class='ocrx_word' id='word_1_76' title='bbox 797 1960 933 2028; x_wconf 85' lang='lat' dir='ltr'><strong>sive</strong></span> <span class='ocrx_word' id='word_1_77' title='bbox 1012 1962 1403 2043; x_wconf 85' lang='lat' dir='ltr'><strong>doctrinam;</strong></span> <span class='ocrx_word' id='word_1_78' title='bbox 1514 1959 1792 2045; x_wconf 86' lang='lat' dir='ltr'><strong>ipsorum</strong></span> <span class='ocrx_word' id='word_1_79' title='bbox 1877 1959 2142 2027; x_wconf 77' lang='lat' dir='ltr'><strong>dicimus</strong></span> 
     </span>
     <span class='ocr_line' id='line_1_14' title="bbox 283 2076 2144 2162; baseline -0.001 -17"><span class='ocrx_word' id='word_1_80' title='bbox 283 2077 668 2145; x_wconf 86' lang='lat' dir='ltr'><strong>Graecorum</strong></span> <span class='ocrx_word' id='word_1_81' title='bbox 729 2077 1239 2162; x_wconf 80' lang='lat' dir='ltr'><strong>philosophiam,</strong></span> <span class='ocrx_word' id='word_1_82' title='bbox 1281 2095 1318 2141; x_wconf 91' lang='lat' dir='ltr'><strong>a</strong></span> <span class='ocrx_word' id='word_1_83' title='bbox 1367 2077 1573 2160; x_wconf 73' lang='lat' dir='ltr'><strong>poetis</strong></span> <span class='ocrx_word' id='word_1_84' title='bbox 1620 2096 1690 2142; x_wconf 86' lang='lat' dir='ltr'><strong>ac</strong></span> <span class='ocrx_word' id='word_1_85' title='bbox 1745 2076 2144 2160; x_wconf 84' lang='lat' dir='ltr'><strong>philosophis</strong></span> 
     </span>
     <span class='ocr_line' id='line_1_15' title="bbox 290 2192 2149 2277; baseline 0.001 -20"><span class='ocrx_word' id='word_1_86' title='bbox 290 2192 636 2274; x_wconf 86' lang='lat' dir='ltr'><strong>antiquitus</strong></span> <span class='ocrx_word' id='word_1_87' title='bbox 676 2195 844 2277; x_wconf 89' lang='lat' dir='ltr'><strong>apud</strong></span> <span class='ocrx_word' id='word_1_88' title='bbox 882 2195 1025 2260; x_wconf 89' lang='lat' dir='ltr'><strong>illos</strong></span> <span class='ocrx_word' id='word_1_89' title='bbox 1069 2192 1422 2276; x_wconf 80' lang='lat' dir='ltr'><strong>proditam,</strong></span> <span class='ocrx_word' id='word_1_90' title='bbox 1464 2212 1499 2259; x_wconf 86' lang='lat' dir='ltr'><strong>a</strong></span> <span class='ocrx_word' id='word_1_91' title='bbox 1534 2194 1788 2260; x_wconf 87' lang='lat' dir='ltr'><strong>Socrate</strong></span> <span class='ocrx_word' id='word_1_92' title='bbox 1833 2209 2036 2271; x_wconf 85' lang='lat' dir='ltr'><strong>autem</strong></span> <span class='ocrx_word' id='word_1_93' title='bbox 2088 2207 2149 2259; x_wconf 88' lang='lat' dir='ltr'><strong>et</strong></span> 
     </span>
    </p>
   </div>
   <div class='ocr_carea' id='block_1_3' title="bbox 151 2308 2149 2399">
    <p class='ocr_par' dir='ltr' id='par_1_4' title="bbox 151 2308 2149 2399">
     <span class='ocr_line' id='line_1_16' title="bbox 151 2308 2149 2399; baseline 0.001 -24"><span class='ocrx_word' id='word_1_94' title='bbox 151 2390 158 2399; x_wconf 39' lang='grc'>,</span> <span class='ocrx_word' id='word_1_95' title='bbox 285 2308 543 2376; x_wconf 81' lang='lat' dir='ltr'><strong>Platone</strong></span> <span class='ocrx_word' id='word_1_96' title='bbox 601 2309 678 2374; x_wconf 82' lang='lat' dir='ltr'><strong>ad</strong></span> <span class='ocrx_word' id='word_1_97' title='bbox 727 2309 932 2393; x_wconf 88' lang='lat' dir='ltr'><strong>ipsum</strong></span> <span class='ocrx_word' id='word_1_98' title='bbox 994 2309 1308 2375; x_wconf 90' lang='lat' dir='ltr'><strong>hominem</strong></span> <span class='ocrx_word' id='word_1_99' title='bbox 1343 2312 1843 2393; x_wconf 81' lang='lat' dir='ltr'><strong>cognoscendum</strong></span> <span class='ocrx_word' id='word_1_100' title='bbox 1889 2311 2149 2376; x_wconf 86' lang='lat' dir='ltr'><strong>interius</strong></span> 
     </span>
    </p>
   </div>
   <div class='ocr_carea' id='block_1_4' title="bbox 282 2420 2167 4252">
    <p class='ocr_par' dir='ltr' id='par_1_5' title="bbox 282 2420 2163 4139">
     <span class='ocr_line' id='line_1_17' title="bbox 288 2420 2147 2508; baseline 0.002 -18"><span class='ocrx_word' id='word_1_101' title='bbox 288 2420 858 2508; x_wconf 88' lang='lat' dir='ltr'><strong>perficiendumque</strong></span> <span class='ocrx_word' id='word_1_102' title='bbox 909 2423 1266 2497; x_wconf 85' lang='lat' dir='ltr'><strong>adhibitam.</strong></span> <span class='ocrx_word' id='word_1_103' title='bbox 1373 2426 1525 2491; x_wconf 90' lang='lat' dir='ltr'><strong>Non</strong></span> <span class='ocrx_word' id='word_1_104' title='bbox 1581 2425 1745 2491; x_wconf 88' lang='lat' dir='ltr'><strong>enim</strong></span> <span class='ocrx_word' id='word_1_105' title='bbox 1807 2446 1884 2490; x_wconf 86' lang='lat' dir='ltr'><strong>ex</strong></span> <span class='ocrx_word' id='word_1_106' title='bbox 1933 2446 2147 2494; x_wconf 88' lang='lat' dir='ltr'><strong>eorum</strong></span> 
     </span>
     <span class='ocr_line' id='line_1_18' title="bbox 282 2539 2153 2623; baseline 0.002 -17"><span class='ocrx_word' id='word_1_107' title='bbox 282 2558 546 2608; x_wconf 86' lang='lat' dir='ltr'><strong>numero</strong></span> <span class='ocrx_word' id='word_1_108' title='bbox 585 2540 763 2608; x_wconf 87' lang='lat' dir='ltr'><strong>Plato</strong></span> <span class='ocrx_word' id='word_1_109' title='bbox 814 2557 986 2619; x_wconf 87' lang='lat' dir='ltr'><strong>erat,</strong></span> <span class='ocrx_word' id='word_1_110' title='bbox 1065 2540 1177 2623; x_wconf 85' lang='lat' dir='ltr'><strong>qui</strong></span> <span class='ocrx_word' id='word_1_111' title='bbox 1222 2539 1344 2607; x_wconf 90' lang='lat' dir='ltr'><strong>sibi</strong></span> <span class='ocrx_word' id='word_1_112' title='bbox 1404 2542 1560 2607; x_wconf 85' lang='lat' dir='ltr'><strong>solis</strong></span> <span class='ocrx_word' id='word_1_113' title='bbox 1617 2560 1686 2608; x_wconf 90' lang='lat' dir='ltr'><strong>se</strong></span> <span class='ocrx_word' id='word_1_114' title='bbox 1736 2543 1960 2610; x_wconf 87' lang='lat' dir='ltr'><strong>debere</strong></span> <span class='ocrx_word' id='word_1_115' title='bbox 2017 2563 2153 2609; x_wconf 89' lang='lat' dir='ltr'><strong>om-</strong></span> 
     </span>
     <span class='ocr_line' id='line_1_19' title="bbox 285 2657 2149 2740; baseline 0.001 -16"><span class='ocrx_word' id='word_1_116' title='bbox 285 2658 432 2739; x_wconf 88' lang='lat' dir='ltr'><strong>nia,</strong></span> <span class='ocrx_word' id='word_1_117' title='bbox 471 2676 542 2723; x_wconf 91' lang='lat' dir='ltr'><strong>ac</strong></span> <span class='ocrx_word' id='word_1_118' title='bbox 586 2659 761 2724; x_wconf 89' lang='lat' dir='ltr'><strong>solos</strong></span> <span class='ocrx_word' id='word_1_119' title='bbox 804 2657 1030 2723; x_wconf 89' lang='lat' dir='ltr'><strong>iccirco</strong></span> <span class='ocrx_word' id='word_1_120' title='bbox 1072 2675 1146 2723; x_wconf 89' lang='lat' dir='ltr'><strong>se</strong></span> <span class='ocrx_word' id='word_1_121' title='bbox 1193 2675 1410 2739; x_wconf 82' lang='lat' dir='ltr'><strong>sapere</strong></span> <span class='ocrx_word' id='word_1_122' title='bbox 1459 2672 1773 2740; x_wconf 86' lang='lat' dir='ltr'><strong>putarent.</strong></span> <span class='ocrx_word' id='word_1_123' title='bbox 1860 2659 2149 2729; x_wconf 87' lang='lat' dir='ltr'><strong>Imbutus</strong></span> 
     </span>
     <span class='ocr_line' id='line_1_20' title="bbox 286 2771 2148 2861; baseline 0.001 -20"><span class='ocrx_word' id='word_1_124' title='bbox 286 2773 392 2841; x_wconf 89' lang='lat' dir='ltr'><strong>ille</strong></span> <span class='ocrx_word' id='word_1_125' title='bbox 429 2771 929 2855; x_wconf 85' lang='lat' dir='ltr'><strong>informatusque</strong></span> <span class='ocrx_word' id='word_1_126' title='bbox 968 2773 1285 2841; x_wconf 76' lang='lat' dir='ltr'><strong>Socratica</strong></span> <span class='ocrx_word' id='word_1_127' title='bbox 1304 2773 1747 2855; x_wconf 88' lang='lat' dir='ltr'><strong>institutione,</strong></span> <span class='ocrx_word' id='word_1_128' title='bbox 1793 2794 2148 2861; x_wconf 80' lang='lat' dir='ltr'><strong>susceperat</strong></span> 
     </span>
     <span class='ocr_line' id='line_1_21' title="bbox 287 2888 2150 2979; baseline 0.003 -24"><span class='ocrx_word' id='word_1_129' title='bbox 287 2890 479 2956; x_wconf 89' lang='lat' dir='ltr'><strong>simul</strong></span> <span class='ocrx_word' id='word_1_130' title='bbox 532 2888 741 2955; x_wconf 90' lang='lat' dir='ltr'><strong>animo</strong></span> <span class='ocrx_word' id='word_1_131' title='bbox 795 2888 1096 2971; x_wconf 88' lang='lat' dir='ltr'><strong>quicquid</strong></span> <span class='ocrx_word' id='word_1_132' title='bbox 1131 2888 1388 2972; x_wconf 75' lang='lat' dir='ltr'><strong>Ionici,</strong></span> <span class='ocrx_word' id='word_1_133' title='bbox 1421 2891 1729 2974; x_wconf 87' lang='lat' dir='ltr'><strong>Eleatici,</strong></span> <span class='ocrx_word' id='word_1_134' title='bbox 1774 2894 2150 2979; x_wconf 83' lang='lat' dir='ltr'><strong>Pythagorei</strong></span> 
     </span>
     <span class='ocr_line' id='line_1_22' title="bbox 287 3005 2153 3097; baseline 0.003 -25"><span class='ocrx_word' id='word_1_135' title='bbox 287 3006 702 3092; x_wconf 83' lang='lat' dir='ltr'><strong>philosophi,</strong></span> <span class='ocrx_word' id='word_1_136' title='bbox 765 3005 1066 3087; x_wconf 83' lang='lat' dir='ltr'><strong>quicquid</strong></span> <span class='ocrx_word' id='word_1_137' title='bbox 1124 3007 1278 3073; x_wconf 89' lang='lat' dir='ltr'><strong>adeo</strong></span> <span class='ocrx_word' id='word_1_138' title='bbox 1346 3013 1613 3091; x_wconf 66' lang='lat' dir='ltr'><strong>poetae,</strong></span> <span class='ocrx_word' id='word_1_139' title='bbox 1674 3011 1880 3093; x_wconf 86' lang='lat' dir='ltr'><strong>epici,</strong></span> <span class='ocrx_word' id='word_1_140' title='bbox 1924 3013 2153 3097; x_wconf 86' lang='lat' dir='ltr'><strong>lyrici,</strong></span> 
     </span>
     <span class='ocr_line' id='line_1_23' title="bbox 289 3120 2146 3211; baseline 0.003 -23"><span class='ocrx_word' id='word_1_141' title='bbox 289 3121 550 3207; x_wconf 75' lang='lat' dir='ltr'><strong>tragici,</strong></span> <span class='ocrx_word' id='word_1_142' title='bbox 631 3120 1097 3205; x_wconf 79' lang='lat' dir='ltr'><strong>scriptoresque</strong></span> <span class='ocrx_word' id='word_1_143' title='bbox 1163 3122 1228 3187; x_wconf 90' lang='lat' dir='ltr'><strong>in</strong></span> <span class='ocrx_word' id='word_1_144' title='bbox 1295 3125 1468 3190; x_wconf 89' lang='lat' dir='ltr'><strong>omni</strong></span> <span class='ocrx_word' id='word_1_145' title='bbox 1542 3125 1853 3192; x_wconf 86' lang='lat' dir='ltr'><strong>literarum</strong></span> <span class='ocrx_word' id='word_1_146' title='bbox 1924 3147 2146 3211; x_wconf 81' lang='lat' dir='ltr'><strong>genere</strong></span> 
     </span>
     <span class='ocr_line' id='line_1_24' title="bbox 289 3236 2149 3323; baseline 0.001 -16"><span class='ocrx_word' id='word_1_147' title='bbox 289 3260 432 3309; x_wconf 88' lang='lat' dir='ltr'><strong>cum</strong></span> <span class='ocrx_word' id='word_1_148' title='bbox 474 3238 747 3308; x_wconf 88' lang='lat' dir='ltr'><strong>sublime</strong></span> <span class='ocrx_word' id='word_1_149' title='bbox 787 3254 920 3305; x_wconf 90' lang='lat' dir='ltr'><strong>tum</strong></span> <span class='ocrx_word' id='word_1_150' title='bbox 962 3238 1159 3304; x_wconf 87' lang='lat' dir='ltr'><strong>bonae</strong></span> <span class='ocrx_word' id='word_1_151' title='bbox 1205 3236 1408 3323; x_wconf 88' lang='lat' dir='ltr'><strong>frugis</strong></span> <span class='ocrx_word' id='word_1_152' title='bbox 1447 3242 1512 3307; x_wconf 88' lang='lat' dir='ltr'><strong>in</strong></span> <span class='ocrx_word' id='word_1_153' title='bbox 1557 3244 1756 3308; x_wconf 86' lang='lat' dir='ltr'><strong>lucem</strong></span> <span class='ocrx_word' id='word_1_154' title='bbox 1798 3243 2149 3310; x_wconf 75' lang='lat' dir='ltr'><strong>emiserant.</strong></span> 
     </span>
     <span class='ocr_line' id='line_1_25' title="bbox 293 3353 2148 3441; baseline 0.002 -21"><span class='ocrx_word' id='word_1_155' title='bbox 293 3355 580 3441; x_wconf 90' lang='lat' dir='ltr'><strong>Quorum</strong></span> <span class='ocrx_word' id='word_1_156' title='bbox 632 3353 956 3435; x_wconf 86' lang='lat' dir='ltr'><strong>omnium,</strong></span> <span class='ocrx_word' id='word_1_157' title='bbox 1037 3355 1402 3439; x_wconf 88' lang='lat' dir='ltr'><strong>praecipue‘</strong></span> <span class='ocrx_word' id='word_1_158' title='bbox 1444 3376 1593 3423; x_wconf 88' lang='lat' dir='ltr'><strong>vero</strong></span> <span class='ocrx_word' id='word_1_159' title='bbox 1657 3357 1934 3424; x_wconf 88' lang='lat' dir='ltr'><strong>Socratis</strong></span> <span class='ocrx_word' id='word_1_160' title='bbox 2003 3361 2148 3439; x_wconf 87' lang='lat' dir='ltr'><strong>sui,</strong></span> 
     </span>
     <span class='ocr_line' id='line_1_26' title="bbox 295 3468 2152 3555; baseline 0.002 -19"><span class='ocrx_word' id='word_1_161' title='bbox 295 3468 482 3537; x_wconf 82' lang='lat' dir='ltr'><strong>dictis</strong></span> <span class='ocrx_word' id='word_1_162' title='bbox 557 3469 937 3553; x_wconf 85' lang='lat' dir='ltr'><strong>monitisque</strong></span> <span class='ocrx_word' id='word_1_163' title='bbox 995 3471 1188 3537; x_wconf 86' lang='lat' dir='ltr'><strong>veluti</strong></span> <span class='ocrx_word' id='word_1_164' title='bbox 1263 3487 1481 3555; x_wconf 87' lang='lat' dir='ltr'><strong>pastus</strong></span> <span class='ocrx_word' id='word_1_165' title='bbox 1545 3488 1607 3539; x_wconf 91' lang='lat' dir='ltr'><strong>et</strong></span> <span class='ocrx_word' id='word_1_166' title='bbox 1668 3474 2152 3555; x_wconf 89' lang='lat' dir='ltr'><strong>corroboratus,</strong></span> 
     </span>
     <span class='ocr_line' id='line_1_27' title="bbox 293 3568 2153 3672; baseline 0.002 -18"><span class='ocrx_word' id='word_1_167' title='bbox 293 3605 428 3654; x_wconf 87' lang='lat' dir='ltr'><strong>eam</strong></span> <span class='ocrx_word' id='word_1_168' title='bbox 473 3568 712 3652; x_wconf 79' lang='lat' dir='ltr'><strong>tandem</strong></span> <span class='ocrx_word' id='word_1_169' title='bbox 746 3587 1076 3654; x_wconf 87' lang='lat' dir='ltr'><strong>scribendo</strong></span> <span class='ocrx_word' id='word_1_170' title='bbox 1125 3589 1583 3671; x_wconf 85' lang='lat' dir='ltr'><strong>philosophiam</strong></span> <span class='ocrx_word' id='word_1_171' title='bbox 1643 3589 1950 3672; x_wconf 88' lang='lat' dir='ltr'><strong>prodidit,</strong></span> <span class='ocrx_word' id='word_1_172' title='bbox 1996 3610 2153 3672; x_wconf 85' lang='lat' dir='ltr'><strong>quae</strong></span> 
     </span>
     <span class='ocr_line' id='line_1_28' title="bbox 293 3702 2150 3790; baseline 0.002 -20"><span class='ocrx_word' id='word_1_173' title='bbox 293 3702 569 3788; x_wconf 84' lang='lat' dir='ltr'><strong>ipsorum</strong></span> <span class='ocrx_word' id='word_1_174' title='bbox 618 3704 772 3770; x_wconf 86' lang='lat' dir='ltr'><strong>adeo</strong></span> <span class='ocrx_word' id='word_1_175' title='bbox 813 3704 1197 3770; x_wconf 85' lang='lat' dir='ltr'><strong>Graecorum</strong></span> <span class='ocrx_word' id='word_1_176' title='bbox 1244 3707 1380 3770; x_wconf 83' lang='lat' dir='ltr'><strong>sive</strong></span> <span class='ocrx_word' id='word_1_177' title='bbox 1415 3706 1817 3790; x_wconf 85' lang='lat' dir='ltr'><strong>sapientiam,</strong></span> <span class='ocrx_word' id='word_1_178' title='bbox 1860 3708 2034 3789; x_wconf 87' lang='lat' dir='ltr'><strong>sive,</strong></span> <span class='ocrx_word' id='word_1_179' title='bbox 2084 3728 2150 3774; x_wconf 89' lang='lat' dir='ltr'><strong>ut</strong></span> 
     </span>
     <span class='ocr_line' id='line_1_29' title="bbox 296 3820 2149 3905; baseline 0.001 -18"><span class='ocrx_word' id='word_1_180' title='bbox 296 3821 506 3887; x_wconf 86' lang='lat' dir='ltr'><strong>dicere</strong></span> <span class='ocrx_word' id='word_1_181' title='bbox 561 3820 684 3901; x_wconf 90' lang='lat' dir='ltr'><strong>ipsi</strong></span> <span class='ocrx_word' id='word_1_182' title='bbox 745 3820 1097 3900; x_wconf 87' lang='lat' dir='ltr'><strong>malebant,</strong></span> <span class='ocrx_word' id='word_1_183' title='bbox 1158 3822 1505 3905; x_wconf 83' lang='lat' dir='ltr'><strong>sapientiae</strong></span> <span class='ocrx_word' id='word_1_184' title='bbox 1544 3823 1821 3890; x_wconf 86' lang='lat' dir='ltr'><strong>studium</strong></span> <span class='ocrx_word' id='word_1_185' title='bbox 1873 3823 2149 3891; x_wconf 84' lang='lat' dir='ltr'><strong>referret.</strong></span> 
     </span>
     <span class='ocr_line' id='line_1_30' title="bbox 296 3933 2157 4023; baseline 0.001 -20"><span class='ocrx_word' id='word_1_186' title='bbox 296 3935 438 4003; x_wconf 88' lang='lat' dir='ltr'><strong>Nec</strong></span> <span class='ocrx_word' id='word_1_187' title='bbox 494 3954 643 4002; x_wconf 85' lang='lat' dir='ltr'><strong>vero</strong></span> <span class='ocrx_word' id='word_1_188' title='bbox 698 3933 988 4002; x_wconf 72' lang='lat' dir='ltr'><strong>doctrina</strong></span> <span class='ocrx_word' id='word_1_189' title='bbox 1048 3933 1171 4001; x_wconf 86' lang='lat' dir='ltr'><strong>fuit</strong></span> <span class='ocrx_word' id='word_1_190' title='bbox 1227 3939 1519 4018; x_wconf 84' lang='lat' dir='ltr'><strong>quaedam</strong></span> <span class='ocrx_word' id='word_1_191' title='bbox 1578 3940 1978 4023; x_wconf 85' lang='lat' dir='ltr'><strong>philosophia</strong></span> <span class='ocrx_word' id='word_1_192' title='bbox 2026 3942 2157 4005; x_wconf 81' lang='lat' dir='ltr'><strong>Pla-</strong></span> 
     </span>
     <span class='ocr_line' id='line_1_31' title="bbox 297 4051 2163 4139; baseline -0.001 -18"><span class='ocrx_word' id='word_1_193' title='bbox 297 4051 522 4136; x_wconf 85' lang='lat' dir='ltr'><strong>tonis,</strong></span> <span class='ocrx_word' id='word_1_194' title='bbox 607 4070 729 4136; x_wconf 85' lang='lat' dir='ltr'><strong>qua</strong></span> <span class='ocrx_word' id='word_1_195' title='bbox 779 4051 1171 4138; x_wconf 83' lang='lat' dir='ltr'><strong>gravissimae</strong></span> <span class='ocrx_word' id='word_1_196' title='bbox 1217 4053 1669 4137; x_wconf 76' lang='lat' dir='ltr'><strong>explicarentur</strong></span> <span class='ocrx_word' id='word_1_197' title='bbox 1722 4055 2163 4139; x_wconf 79' lang='lat' dir='ltr'><strong>philosophiae</strong></span> 
     </span>
    </p>

    <p class='ocr_par' dir='ltr' id='par_1_6' title="bbox 1947 4188 2167 4252">
     <span class='ocr_line' id='line_1_32' title="bbox 1947 4188 2167 4252; baseline -0.005 -18"><span class='ocrx_word' id='word_1_198' title='bbox 1947 4188 2167 4252; x_wconf 79' lang='lat' dir='ltr'><strong>quaes·</strong></span> 
     </span>
    </p>
   </div>
  </div>
 </body>
</html>
