<?xml version="1.0" encoding="UTF-8"?>
<!DOCTYPE html PUBLIC "-//W3C//DTD XHTML 1.0 Transitional//EN"
    "http://www.w3.org/TR/xhtml1/DTD/xhtml1-transitional.dtd">
<html xmlns="http://www.w3.org/1999/xhtml" xml:lang="en" lang="en">
 <head>
  <title>
</title>
<meta http-equiv="Content-Type" content="text/html;charset=utf-8" />
  <meta name='ocr-system' content='tesseract 3.04.00' />
  <meta name='ocr-capabilities' content='ocr_page ocr_carea ocr_par ocr_line ocrx_word'/>
</head>
<body>
  <div class='ocr_page' id='page_1' title='image "./initiaphilosoph05heusgoog_0440.png"; bbox 0 0 2792 5167; ppageno 0'>
   <div class='ocr_carea' id='block_1_1' title="bbox 951 535 1321 595">
    <p class='ocr_par' dir='ltr' id='par_1_1' title="bbox 951 535 1321 595">
     <span class='ocr_line' id='line_1_1' title="bbox 951 535 1321 595; baseline -0.011 -49"><span class='ocrx_word' id='word_1_1' title='bbox 951 535 1321 595; x_wconf 63' lang='lat'>-—41-„</span> 
     </span>
    </p>
   </div>
   <div class='ocr_carea' id='block_1_2' title="bbox 205 693 2171 3809">
    <p class='ocr_par' dir='ltr' id='par_1_2' title="bbox 205 693 2171 3809">
     <span class='ocr_line' id='line_1_2' title="bbox 219 693 2064 782; baseline 0.001 -18"><span class='ocrx_word' id='word_1_2' title='bbox 219 697 344 764; x_wconf 82' lang='lat' dir='ltr'>vita</span> <span class='ocrx_word' id='word_1_3' title='bbox 408 698 678 764; x_wconf 83' lang='lat' dir='ltr'>humana</span> <span class='ocrx_word' id='word_1_4' title='bbox 719 697 834 762; x_wconf 70' lang='lat'>⁰²?</span> <span class='ocrx_word' id='word_1_5' title='bbox 880 731 972 749; x_wconf 91' lang='lat'><em>-</em></span> <span class='ocrx_word' id='word_1_6' title='bbox 1029 693 1186 765; x_wconf 83' lang='lat' dir='ltr'>Non</span> <span class='ocrx_word' id='word_1_7' title='bbox 1228 714 1404 764; x_wconf 88' lang='lat' dir='ltr'>sane.</span> <span class='ocrx_word' id='word_1_8' title='bbox 1446 732 1538 749; x_wconf 92' lang='lat'><em>-</em></span> <span class='ocrx_word' id='word_1_9' title='bbox 1575 695 1748 782; x_wconf 88' lang='lat' dir='ltr'>Ergo</span> <span class='ocrx_word' id='word_1_10' title='bbox 1807 712 2064 768; x_wconf 87' lang='lat' dir='ltr'>mortem</span> 
     </span>
     <span class='ocr_line' id='line_1_3' title="bbox 215 811 2065 882; baseline 0.001 -2"><span class='ocrx_word' id='word_1_11' title='bbox 215 814 273 880; x_wconf 87' lang='lat' dir='ltr'>is</span> <span class='ocrx_word' id='word_1_12' title='bbox 326 831 463 880; x_wconf 89' lang='lat' dir='ltr'>non</span> <span class='ocrx_word' id='word_1_13' title='bbox 517 831 636 879; x_wconf 86' lang='lat' dir='ltr'>rem</span> <span class='ocrx_word' id='word_1_14' title='bbox 678 812 1010 880; x_wconf 86' lang='lat' dir='ltr'>terribilem</span> <span class='ocrx_word' id='word_1_15' title='bbox 1061 812 1472 880; x_wconf 78' lang='lat' dir='ltr'>existimabit.</span> <span class='ocrx_word' id='word_1_16' title='bbox 1514 847 1609 867; x_wconf 90' lang='lat'>—-</span> <span class='ocrx_word' id='word_1_17' title='bbox 1645 811 1932 882; x_wconf 81' lang='lat' dir='ltr'><strong>Minime.</strong></span> <span class='ocrx_word' id='word_1_18' title='bbox 1972 855 2065 871; x_wconf 91' lang='lat'>-</span> 
     </span>
     <span class='ocr_line' id='line_1_4' title="bbox 213 927 2068 1017; baseline 0.002 -21"><span class='ocrx_word' id='word_1_19' title='bbox 213 929 487 1016; x_wconf 77' lang='lat' dir='ltr'>Ignavae</span> <span class='ocrx_word' id='word_1_20' title='bbox 529 930 765 998; x_wconf 83' lang='lat' dir='ltr'>scilicet</span> <span class='ocrx_word' id='word_1_21' title='bbox 820 945 885 998; x_wconf 93' lang='lat' dir='ltr'>et</span> <span class='ocrx_word' id='word_1_22' title='bbox 940 929 1226 998; x_wconf 82' lang='lat' dir='ltr'>illiberali</span> <span class='ocrx_word' id='word_1_23' title='bbox 1264 945 1524 998; x_wconf 87' lang='lat' dir='ltr'>naturae</span> <span class='ocrx_word' id='word_1_24' title='bbox 1585 927 1748 996; x_wconf 81' lang='lat' dir='ltr'>nihil</span> <span class='ocrx_word' id='word_1_25' title='bbox 1781 948 1918 998; x_wconf 82' lang='lat' dir='ltr'>esse</span> <span class='ocrx_word' id='word_1_26' title='bbox 1952 953 2068 1017; x_wconf 89' lang='lat' dir='ltr'>po-</span> 
     </span>
     <span class='ocr_line' id='line_1_5' title="bbox 217 1046 2076 1133; baseline -0.001 -19"><span class='ocrx_word' id='word_1_27' title='bbox 217 1061 343 1114; x_wconf 85' lang='lat' dir='ltr'>test</span> <span class='ocrx_word' id='word_1_28' title='bbox 392 1067 532 1115; x_wconf 87' lang='lat' dir='ltr'>cum</span> <span class='ocrx_word' id='word_1_29' title='bbox 572 1067 720 1116; x_wconf 82' lang='lat' dir='ltr'>vera</span> <span class='ocrx_word' id='word_1_30' title='bbox 766 1046 1170 1133; x_wconf 76' lang='lat' dir='ltr'>philosophia</span> <span class='ocrx_word' id='word_1_31' title='bbox 1207 1064 1565 1114; x_wconf 86' lang='lat' dir='ltr'>commune.</span> <span class='ocrx_word' id='word_1_32' title='bbox 1608 1085 1701 1102; x_wconf 91' lang='lat'>--</span> <span class='ocrx_word' id='word_1_33' title='bbox 1739 1047 1947 1114; x_wconf 89' lang='lat' dir='ltr'>Nihil.</span> <span class='ocrx_word' id='word_1_34' title='bbox 1985 1084 2076 1102; x_wconf 92' lang='lat'><em>-</em></span> 
     </span>
     <span class='ocr_line' id='line_1_6' title="bbox 207 1162 2082 1251; baseline -0.002 -19"><span class='ocrx_word' id='word_1_35' title='bbox 207 1162 382 1251; x_wconf 83' lang='lat' dir='ltr'>Quid</span> <span class='ocrx_word' id='word_1_36' title='bbox 424 1166 642 1233; x_wconf 70' lang='lat' dir='ltr'>vero?</span> <span class='ocrx_word' id='word_1_37' title='bbox 709 1164 834 1230; x_wconf 87' lang='lat' dir='ltr'>Vir</span> <span class='ocrx_word' id='word_1_38' title='bbox 875 1180 1222 1249; x_wconf 79' lang='lat' dir='ltr'><strong>temperans</strong></span> <span class='ocrx_word' id='word_1_39' title='bbox 1248 1211 1272 1245; x_wconf 89' lang='lat'>,</span> <span class='ocrx_word' id='word_1_40' title='bbox 1351 1183 1484 1231; x_wconf 90' lang='lat' dir='ltr'>non</span> <span class='ocrx_word' id='word_1_41' title='bbox 1550 1163 1842 1247; x_wconf 83' lang='lat' dir='ltr'>quaestui</span> <span class='ocrx_word' id='word_1_42' title='bbox 1908 1163 2082 1231; x_wconf 89' lang='lat' dir='ltr'>dedi-</span> 
     </span>
     <span class='ocr_line' id='line_1_7' title="bbox 207 1280 2075 1367; baseline 0.004 -23"><span class='ocrx_word' id='word_1_43' title='bbox 207 1294 361 1363; x_wconf 84' lang='lat' dir='ltr'>tus,</span> <span class='ocrx_word' id='word_1_44' title='bbox 403 1300 538 1348; x_wconf 90' lang='lat' dir='ltr'>non</span> <span class='ocrx_word' id='word_1_45' title='bbox 591 1281 953 1365; x_wconf 86' lang='lat' dir='ltr'>illiberalis,</span> <span class='ocrx_word' id='word_1_46' title='bbox 993 1300 1124 1349; x_wconf 86' lang='lat' dir='ltr'>non</span> <span class='ocrx_word' id='word_1_47' title='bbox 1168 1283 1530 1367; x_wconf 82' lang='lat' dir='ltr'>superbus,</span> <span class='ocrx_word' id='word_1_48' title='bbox 1574 1299 1707 1348; x_wconf 89' lang='lat' dir='ltr'>non</span> <span class='ocrx_word' id='word_1_49' title='bbox 1764 1280 2075 1365; x_wconf 81' lang='lat' dir='ltr'>timidus,</span> 
     </span>
     <span class='ocr_line' id='line_1_8' title="bbox 206 1392 2072 1483; baseline -0.003 -17"><span class='ocrx_word' id='word_1_50' title='bbox 206 1417 362 1466; x_wconf 82' lang='lat' dir='ltr'>num</span> <span class='ocrx_word' id='word_1_51' title='bbox 415 1399 485 1466; x_wconf 89' lang='lat' dir='ltr'>in</span> <span class='ocrx_word' id='word_1_52' title='bbox 536 1399 926 1466; x_wconf 82' lang='lat' dir='ltr'>commerciis</span> <span class='ocrx_word' id='word_1_53' title='bbox 990 1398 1261 1465; x_wconf 85' lang='lat' dir='ltr'>difficilis</span> <span class='ocrx_word' id='word_1_54' title='bbox 1320 1398 1440 1464; x_wconf 87' lang='lat' dir='ltr'>erit</span> <span class='ocrx_word' id='word_1_55' title='bbox 1476 1412 1583 1464; x_wconf 89' lang='lat' dir='ltr'>aut</span> <span class='ocrx_word' id='word_1_56' title='bbox 1619 1392 1948 1483; x_wconf 68' lang='lat' dir='ltr'>injustus?</span> <span class='ocrx_word' id='word_1_57' title='bbox 1983 1437 2072 1451; x_wconf 93' lang='grc'>-</span> 
     </span>
     <span class='ocr_line' id='line_1_9' title="bbox 207 1512 2078 1600; baseline -0.001 -18"><span class='ocrx_word' id='word_1_58' title='bbox 207 1514 417 1584; x_wconf 76' lang='lat' dir='ltr'>Nune</span> <span class='ocrx_word' id='word_1_59' title='bbox 475 1516 696 1582; x_wconf 88' lang='lat' dir='ltr'>modo.</span> <span class='ocrx_word' id='word_1_60' title='bbox 758 1548 854 1566; x_wconf 91' lang='lat'>—-</span> <span class='ocrx_word' id='word_1_61' title='bbox 909 1514 1085 1600; x_wconf 89' lang='lat' dir='ltr'>Quin</span> <span class='ocrx_word' id='word_1_62' title='bbox 1142 1513 1323 1581; x_wconf 88' lang='lat' dir='ltr'>etiam</span> <span class='ocrx_word' id='word_1_63' title='bbox 1369 1531 1517 1579; x_wconf 89' lang='lat' dir='ltr'>cum</span> <span class='ocrx_word' id='word_1_64' title='bbox 1561 1512 1912 1582; x_wconf 79' lang='lat' dir='ltr'>discernere</span> <span class='ocrx_word' id='word_1_65' title='bbox 1966 1534 2078 1581; x_wconf 85' lang='lat' dir='ltr'>cu-</span> 
     </span>
     <span class='ocr_line' id='line_1_10' title="bbox 212 1628 2083 1715; baseline 0.001 -20"><span class='ocrx_word' id='word_1_66' title='bbox 212 1629 356 1715; x_wconf 85' lang='lat' dir='ltr'>pies</span> <span class='ocrx_word' id='word_1_67' title='bbox 370 1675 398 1712; x_wconf 99' lang='lat'>,</span> <span class='ocrx_word' id='word_1_68' title='bbox 473 1647 638 1712; x_wconf 78' lang='lat' dir='ltr'>quae</span> <span class='ocrx_word' id='word_1_69' title='bbox 699 1628 939 1695; x_wconf 83' lang='lat' dir='ltr'>indoles</span> <span class='ocrx_word' id='word_1_70' title='bbox 1000 1628 1385 1713; x_wconf 87' lang='lat' dir='ltr'>philosopha</span> <span class='ocrx_word' id='word_1_71' title='bbox 1453 1628 1539 1692; x_wconf 88' lang='lat' dir='ltr'>sit</span> <span class='ocrx_word' id='word_1_72' title='bbox 1593 1642 1703 1693; x_wconf 87' lang='lat' dir='ltr'>aut</span> <span class='ocrx_word' id='word_1_73' title='bbox 1761 1633 1913 1694; x_wconf 72' lang='lat' dir='ltr'>non*</span> <span class='ocrx_word' id='word_1_74' title='bbox 1949 1630 2033 1697; x_wconf 83' lang='lat' dir='ltr'>sit</span> <span class='ocrx_word' id='word_1_75' title='bbox 2056 1676 2083 1713; x_wconf 92' lang='lat'>,</span> 
     </span>
     <span class='ocr_line' id='line_1_11' title="bbox 209 1743 2080 1831; baseline -0.001 -17"><span class='ocrx_word' id='word_1_76' title='bbox 209 1745 432 1814; x_wconf 86' lang='lat' dir='ltr'>statim</span> <span class='ocrx_word' id='word_1_77' title='bbox 480 1764 518 1811; x_wconf 88' lang='lat' dir='ltr'>a</span> <span class='ocrx_word' id='word_1_78' title='bbox 579 1746 812 1812; x_wconf 86' lang='lat' dir='ltr'>teneris</span> <span class='ocrx_word' id='word_1_79' title='bbox 865 1746 1046 1812; x_wconf 87' lang='lat' dir='ltr'>annis</span> <span class='ocrx_word' id='word_1_80' title='bbox 1107 1743 1507 1829; x_wconf 78' lang='lat' dir='ltr'>explorabis,</span> <span class='ocrx_word' id='word_1_81' title='bbox 1559 1762 1711 1812; x_wconf 87' lang='lat' dir='ltr'>num</span> <span class='ocrx_word' id='word_1_82' title='bbox 1768 1747 1940 1831; x_wconf 78' lang='lat' dir='ltr'>justa</span> <span class='ocrx_word' id='word_1_83' title='bbox 1993 1746 2080 1814; x_wconf 86' lang='lat' dir='ltr'>sit</span> 
     </span>
     <span class='ocr_line' id='line_1_12' title="bbox 210 1860 2078 1947; baseline 0.001 -15"><span class='ocrx_word' id='word_1_84' title='bbox 210 1877 282 1932; x_wconf 89' lang='lat' dir='ltr'>et</span> <span class='ocrx_word' id='word_1_85' title='bbox 335 1862 626 1947; x_wconf 76' lang='lat' dir='ltr'>placida,</span> <span class='ocrx_word' id='word_1_86' title='bbox 669 1879 748 1930; x_wconf 84' lang='lat' dir='ltr'>an</span> <span class='ocrx_word' id='word_1_87' title='bbox 810 1861 1021 1945; x_wconf 77' lang='lat' dir='ltr'>iniqua</span> <span class='ocrx_word' id='word_1_88' title='bbox 1071 1876 1139 1928; x_wconf 90' lang='lat' dir='ltr'>et</span> <span class='ocrx_word' id='word_1_89' title='bbox 1177 1860 1459 1945; x_wconf 79' lang='lat' dir='ltr'>agrestis.</span> <span class='ocrx_word' id='word_1_90' title='bbox 1501 1895 1596 1917; x_wconf 88' lang='lat'>·-</span> <span class='ocrx_word' id='word_1_91' title='bbox 1636 1860 1941 1930; x_wconf 85' lang='lat' dir='ltr'>Omnino.</span> <span class='ocrx_word' id='word_1_92' title='bbox 1982 1899 2078 1934; x_wconf 60' lang='grc' dir='ltr'>-ψ-</span> 
     </span>
     <span class='ocr_line' id='line_1_13' title="bbox 208 1977 2171 2068; baseline 0 -20"><span class='ocrx_word' id='word_1_93' title='bbox 208 1979 454 2065; x_wconf 82' lang='lat' dir='ltr'>Neque</span> <span class='ocrx_word' id='word_1_94' title='bbox 498 1980 663 2061; x_wconf 84' lang='lat' dir='ltr'>hoc,</span> <span class='ocrx_word' id='word_1_95' title='bbox 706 1993 782 2046; x_wconf 87' lang='lat' dir='ltr'>nt</span> <span class='ocrx_word' id='word_1_96' title='bbox 820 1978 1132 2059; x_wconf 77' lang='lat' dir='ltr'>arbitror,</span> <span class='ocrx_word' id='word_1_97' title='bbox 1177 1977 1654 2062; x_wconf 79' lang='lat' dir='ltr'>praetermittes.</span> <span class='ocrx_word' id='word_1_98' title='bbox 1716 2015 1814 2034; x_wconf 90' lang='lat'><em>-</em></span> <span class='ocrx_word' id='word_1_99' title='bbox 1873 1981 2079 2068; x_wconf 89' lang='lat' dir='ltr'>Quid-</span> <span class='ocrx_word' id='word_1_100' title='bbox 2158 2025 2171 2038; x_wconf 74' lang='lat'><strong>·</strong></span> 
     </span>
     <span class='ocr_line' id='line_1_14' title="bbox 205 2093 2070 2178; baseline 0.001 -13"><span class='ocrx_word' id='word_1_101' title='bbox 205 2115 351 2165; x_wconf 82' lang='lat' dir='ltr'>nam</span> <span class='ocrx_word' id='word_1_102' title='bbox 373 2098 412 2165; x_wconf 66' lang='lat'>‘3</span> <span class='ocrx_word' id='word_1_103' title='bbox 452 2131 549 2150; x_wconf 89' lang='lat'>--</span> <span class='ocrx_word' id='word_1_104' title='bbox 588 2097 823 2165; x_wconf 84' lang='lat' dir='ltr'>Utrum</span> <span class='ocrx_word' id='word_1_105' title='bbox 859 2095 1044 2162; x_wconf 87' lang='lat' dir='ltr'>facile</span> <span class='ocrx_word' id='word_1_106' title='bbox 1089 2095 1239 2178; x_wconf 87' lang='lat' dir='ltr'>quis</span> <span class='ocrx_word' id='word_1_107' title='bbox 1292 2093 1492 2161; x_wconf 86' lang='lat' dir='ltr'>discat</span> <span class='ocrx_word' id='word_1_108' title='bbox 1511 2142 1536 2175; x_wconf 91' lang='lat'>,</span> <span class='ocrx_word' id='word_1_109' title='bbox 1579 2114 1659 2160; x_wconf 86' lang='lat' dir='ltr'>an</span> <span class='ocrx_word' id='word_1_110' title='bbox 1708 2096 2070 2166; x_wconf 74' lang='lat' dir='ltr'>difficulter:</span> 
     </span>
     <span class='ocr_line' id='line_1_15' title="bbox 209 2211 2081 2298; baseline -0.001 -17"><span class='ocrx_word' id='word_1_111' title='bbox 209 2231 367 2281; x_wconf 85' lang='lat' dir='ltr'>num</span> <span class='ocrx_word' id='word_1_112' title='bbox 435 2231 701 2294; x_wconf 57' lang='lat' dir='ltr'>censes,</span> <span class='ocrx_word' id='word_1_113' title='bbox 787 2211 1140 2296; x_wconf 87' lang='lat' dir='ltr'>quempiam</span> <span class='ocrx_word' id='word_1_114' title='bbox 1199 2211 1355 2277; x_wconf 89' lang='lat' dir='ltr'>illud</span> <span class='ocrx_word' id='word_1_115' title='bbox 1436 2229 1708 2292; x_wconf 88' lang='lat' dir='ltr'>unquam</span> <span class='ocrx_word' id='word_1_116' title='bbox 1777 2211 2081 2298; x_wconf 86' lang='lat' dir='ltr'>diligere,</span> 
     </span>
     <span class='ocr_line' id='line_1_16' title="bbox 213 2326 2082 2416; baseline -0.003 -16"><span class='ocrx_word' id='word_1_117' title='bbox 213 2332 390 2416; x_wconf 90' lang='lat' dir='ltr'>quod</span> <span class='ocrx_word' id='word_1_118' title='bbox 416 2350 565 2399; x_wconf 89' lang='lat' dir='ltr'>cum</span> <span class='ocrx_word' id='word_1_119' title='bbox 606 2329 1005 2415; x_wconf 79' lang='lat' dir='ltr'>aggreditur,</span> <span class='ocrx_word' id='word_1_120' title='bbox 1043 2332 1286 2394; x_wconf 67' lang='lat' dir='ltr'>summa</span> <span class='ocrx_word' id='word_1_121' title='bbox 1326 2346 1472 2416; x_wconf 86' lang='lat' dir='ltr'>cum</span> <span class='ocrx_word' id='word_1_122' title='bbox 1507 2326 1873 2394; x_wconf 87' lang='lat' dir='ltr'>difficultate</span> <span class='ocrx_word' id='word_1_123' title='bbox 1911 2329 2082 2416; x_wconf 88' lang='lat' dir='ltr'>agit,</span> 
     </span>
     <span class='ocr_line' id='line_1_17' title="bbox 209 2444 2079 2530; baseline -0.001 -13"><span class='ocrx_word' id='word_1_124' title='bbox 209 2463 275 2517; x_wconf 89' lang='lat' dir='ltr'>et</span> <span class='ocrx_word' id='word_1_125' title='bbox 328 2448 441 2517; x_wconf 81' lang='lat' dir='ltr'>vix</span> <span class='ocrx_word' id='word_1_126' title='bbox 490 2446 735 2514; x_wconf 86' lang='lat' dir='ltr'>tandem</span> <span class='ocrx_word' id='word_1_127' title='bbox 794 2466 1013 2530; x_wconf 84' lang='lat' dir='ltr'>pamm</span> <span class='ocrx_word' id='word_1_128' title='bbox 1073 2444 1225 2528; x_wconf 90' lang='lat' dir='ltr'>quid</span> <span class='ocrx_word' id='word_1_129' title='bbox 1261 2444 1563 2529; x_wconf 73' lang='lat' dir='ltr'>proficit?</span> <span class='ocrx_word' id='word_1_130' title='bbox 1605 2485 1693 2497; x_wconf 92' lang='lat'><strong>—</strong></span> <span class='ocrx_word' id='word_1_131' title='bbox 1730 2445 2079 2530; x_wconf 83' lang='lat' dir='ltr'>Nunquam</span> 
     </span>
     <span class='ocr_line' id='line_1_18' title="bbox 209 2559 2085 2652; baseline -0.002 -18"><span class='ocrx_word' id='word_1_132' title='bbox 209 2566 537 2652; x_wconf 78' lang='lat' dir='ltr'>profecte.</span> <span class='ocrx_word' id='word_1_133' title='bbox 597 2599 695 2628; x_wconf 87' lang='lat'>-.-</span> <span class='ocrx_word' id='word_1_134' title='bbox 748 2563 976 2650; x_wconf 71' lang='lat' dir='ltr'>Quid?</span> <span class='ocrx_word' id='word_1_135' title='bbox 1036 2559 1094 2627; x_wconf 90' lang='lat' dir='ltr'>si</span> <span class='ocrx_word' id='word_1_136' title='bbox 1132 2559 1291 2627; x_wconf 88' lang='lat' dir='ltr'>nihil</span> <span class='ocrx_word' id='word_1_137' title='bbox 1348 2575 1561 2626; x_wconf 85' lang='lat' dir='ltr'>servet</span> <span class='ocrx_word' id='word_1_138' title='bbox 1598 2579 1861 2643; x_wconf 88' lang='lat' dir='ltr'>eorum,</span> <span class='ocrx_word' id='word_1_139' title='bbox 1923 2583 2085 2646; x_wconf 86' lang='lat' dir='ltr'>quae</span> 
     </span>
     <span class='ocr_line' id='line_1_19' title="bbox 212 2674 2081 2763; baseline -0.004 -13"><span class='ocrx_word' id='word_1_140' title='bbox 212 2682 403 2750; x_wconf 84' lang='lat' dir='ltr'>discit</span> <span class='ocrx_word' id='word_1_141' title='bbox 425 2727 455 2763; x_wconf 90' lang='lat'>,</span> <span class='ocrx_word' id='word_1_142' title='bbox 520 2677 865 2747; x_wconf 80' lang='lat' dir='ltr'>oblivionis</span> <span class='ocrx_word' id='word_1_143' title='bbox 914 2677 1157 2760; x_wconf 88' lang='lat' dir='ltr'>quippe</span> <span class='ocrx_word' id='word_1_144' title='bbox 1220 2677 1445 2759; x_wconf 88' lang='lat' dir='ltr'>plenus</span> <span class='ocrx_word' id='word_1_145' title='bbox 1467 2721 1493 2756; x_wconf 89' lang='lat'>,</span> <span class='ocrx_word' id='word_1_146' title='bbox 1557 2674 1775 2741; x_wconf 90' lang='lat' dir='ltr'>fierine</span> <span class='ocrx_word' id='word_1_147' title='bbox 1816 2691 2031 2760; x_wconf 89' lang='lat' dir='ltr'>potest</span> <span class='ocrx_word' id='word_1_148' title='bbox 2056 2728 2081 2761; x_wconf 85' lang='lat'><strong>‚</strong></span> 
     </span>
     <span class='ocr_line' id='line_1_20' title="bbox 211 2790 2087 2875; baseline -0.001 -11"><span class='ocrx_word' id='word_1_149' title='bbox 211 2816 289 2864; x_wconf 87' lang='lat' dir='ltr'>ut</span> <span class='ocrx_word' id='word_1_150' title='bbox 345 2815 484 2863; x_wconf 88' lang='lat' dir='ltr'>non</span> <span class='ocrx_word' id='word_1_151' title='bbox 539 2798 627 2862; x_wconf 85' lang='lat' dir='ltr'>sit</span> <span class='ocrx_word' id='word_1_152' title='bbox 685 2793 949 2860; x_wconf 65' lang='lat' dir='ltr'>scientia</span> <span class='ocrx_word' id='word_1_153' title='bbox 998 2811 1236 2858; x_wconf 85' lang='lat' dir='ltr'>vacuus</span> <span class='ocrx_word' id='word_1_154' title='bbox 1258 2792 1294 2855; x_wconf 68' lang='lat'><em>2</em></span> <span class='ocrx_word' id='word_1_155' title='bbox 1351 2827 1445 2843; x_wconf 94' lang='lat'>—</span> <span class='ocrx_word' id='word_1_156' title='bbox 1504 2790 1656 2875; x_wconf 90' lang='lat' dir='ltr'>Quo</span> <span class='ocrx_word' id='word_1_157' title='bbox 1725 2791 1973 2857; x_wconf 87' lang='lat' dir='ltr'>tandem</span> <span class='ocrx_word' id='word_1_158' title='bbox 2024 2795 2087 2862; x_wconf 87' lang='lat' dir='ltr'>id</span> 
     </span>
     <span class='ocr_line' id='line_1_21' title="bbox 217 2904 2084 2994; baseline -0.002 -15"><span class='ocrx_word' id='word_1_159' title='bbox 217 2910 479 2980; x_wconf 70' lang='lat' dir='ltr'>modo?</span> <span class='ocrx_word' id='word_1_160' title='bbox 519 2946 614 2961; x_wconf 93' lang='lat'>—</span> <span class='ocrx_word' id='word_1_161' title='bbox 651 2910 822 2975; x_wconf 88' lang='lat' dir='ltr'>Cum</span> <span class='ocrx_word' id='word_1_162' title='bbox 883 2923 1039 2972; x_wconf 80' lang='lat' dir='ltr'>vero</span> <span class='ocrx_word' id='word_1_163' title='bbox 1079 2904 1292 2971; x_wconf 89' lang='lat' dir='ltr'>irritus</span> <span class='ocrx_word' id='word_1_164' title='bbox 1345 2904 1435 2969; x_wconf 80' lang='lat' dir='ltr'>ini</span> <span class='ocrx_word' id='word_1_165' title='bbox 1474 2904 1560 2970; x_wconf 89' lang='lat' dir='ltr'>sit</span> <span class='ocrx_word' id='word_1_166' title='bbox 1612 2904 1787 2971; x_wconf 86' lang='lat' dir='ltr'>labor</span> <span class='ocrx_word' id='word_1_167' title='bbox 1834 2908 2084 2994; x_wconf 89' lang='lat' dir='ltr'>omnis,</span> 
     </span>
     <span class='ocr_line' id='line_1_22' title="bbox 210 3020 2085 3111; baseline -0.001 -13"><span class='ocrx_word' id='word_1_168' title='bbox 210 3046 436 3098; x_wconf 86' lang='lat' dir='ltr'>nonne</span> <span class='ocrx_word' id='word_1_169' title='bbox 477 3038 745 3111; x_wconf 86' lang='lat' dir='ltr'>cogetur</span> <span class='ocrx_word' id='word_1_170' title='bbox 797 3022 1040 3089; x_wconf 88' lang='lat' dir='ltr'>tandem</span> <span class='ocrx_word' id='word_1_171' title='bbox 1098 3020 1501 3105; x_wconf 86' lang='lat' dir='ltr'>semetipsum</span> <span class='ocrx_word' id='word_1_172' title='bbox 1557 3036 1621 3089; x_wconf 91' lang='lat' dir='ltr'>et</span> <span class='ocrx_word' id='word_1_173' title='bbox 1679 3025 1832 3092; x_wconf 92' lang='lat' dir='ltr'>haec</span> <span class='ocrx_word' id='word_1_174' title='bbox 1875 3029 2085 3096; x_wconf 85' lang='lat' dir='ltr'>studia</span> 
     </span>
     <span class='ocr_line' id='line_1_23' title="bbox 211 3131 2097 3229; baseline -0.003 -13"><span class='ocrx_word' id='word_1_175' title='bbox 211 3143 488 3215; x_wconf 70' lang='lat' dir='ltr'>odisse?</span> <span class='ocrx_word' id='word_1_176' title='bbox 528 3176 622 3196; x_wconf 91' lang='lat'>-·</span> <span class='ocrx_word' id='word_1_177' title='bbox 661 3138 953 3229; x_wconf 61' lang='lat' dir='ltr'>Quidni?</span> <span class='ocrx_word' id='word_1_178' title='bbox 992 3172 1084 3193; x_wconf 92' lang='lat'>—</span> <span class='ocrx_word' id='word_1_179' title='bbox 1122 3136 1514 3206; x_wconf 81' lang='lat' dir='ltr'>obliviosam</span> <span class='ocrx_word' id='word_1_180' title='bbox 1572 3138 1768 3224; x_wconf 83' lang='lat' dir='ltr'>igitur</span> <span class='ocrx_word' id='word_1_181' title='bbox 1807 3131 2097 3211; x_wconf 83' lang='lat' dir='ltr'>mentem</span> 
     </span>
     <span class='ocr_line' id='line_1_24' title="bbox 209 3247 2092 3347; baseline 0.002 -21"><span class='ocrx_word' id='word_1_182' title='bbox 209 3264 276 3333; x_wconf 81' lang='lat' dir='ltr'>in</span> <span class='ocrx_word' id='word_1_183' title='bbox 330 3281 492 3334; x_wconf 85' lang='lat' dir='ltr'>vere</span> <span class='ocrx_word' id='word_1_184' title='bbox 549 3256 958 3347; x_wconf 86' lang='lat' dir='ltr'>philosophis</span> <span class='ocrx_word' id='word_1_185' title='bbox 1019 3273 1411 3338; x_wconf 82' lang='lat' dir='ltr'>nequaquam</span> <span class='ocrx_word' id='word_1_186' title='bbox 1483 3263 1847 3324; x_wconf 76' lang='lat' dir='ltr'>censeamus</span> <span class='ocrx_word' id='word_1_187' title='bbox 1869 3306 1895 3341; x_wconf 88' lang='lat'>,</span> <span class='ocrx_word' id='word_1_188' title='bbox 1959 3247 2092 3329; x_wconf 85' lang='lat' dir='ltr'>me·</span> 
     </span>
     <span class='ocr_line' id='line_1_25' title="bbox 213 3370 2089 3460; baseline -0.004 -11"><span class='ocrx_word' id='word_1_189' title='bbox 213 3400 456 3452; x_wconf 86' lang='lat' dir='ltr'>morem</span> <span class='ocrx_word' id='word_1_190' title='bbox 534 3397 678 3446; x_wconf 89' lang='lat' dir='ltr'>esse</span> <span class='ocrx_word' id='word_1_191' title='bbox 757 3387 1036 3460; x_wconf 86' lang='lat' dir='ltr'>oportet.</span> <span class='ocrx_word' id='word_1_192' title='bbox 1100 3408 1198 3427; x_wconf 89' lang='grc'>--</span> <span class='ocrx_word' id='word_1_193' title='bbox 1254 3370 1558 3454; x_wconf 88' lang='lat' dir='ltr'>Oportet.</span> <span class='ocrx_word' id='word_1_194' title='bbox 1623 3403 1718 3423; x_wconf 90' lang='lat'>-</span> <span class='ocrx_word' id='word_1_195' title='bbox 1789 3375 2089 3441; x_wconf 85' lang='lat' dir='ltr'>Animum</span> 
     </span>
     <span class='ocr_line' id='line_1_26' title="bbox 223 3487 2088 3582; baseline -0.004 -17"><span class='ocrx_word' id='word_1_196' title='bbox 223 3514 374 3566; x_wconf 83' lang='lat' dir='ltr'>vero</span> <span class='ocrx_word' id='word_1_197' title='bbox 446 3516 485 3563; x_wconf 92' lang='lat' dir='ltr'>a</span> <span class='ocrx_word' id='word_1_198' title='bbox 559 3494 757 3582; x_wconf 74' lang='lat' dir='ltr'>gratia</span> <span class='ocrx_word' id='word_1_199' title='bbox 829 3504 896 3559; x_wconf 92' lang='lat' dir='ltr'>et</span> <span class='ocrx_word' id='word_1_200' title='bbox 958 3491 1188 3557; x_wconf 84' lang='lat' dir='ltr'>decoro</span> <span class='ocrx_word' id='word_1_201' title='bbox 1278 3488 1548 3555; x_wconf 82' lang='lat' dir='ltr'>alienum</span> <span class='ocrx_word' id='word_1_202' title='bbox 1620 3487 1830 3554; x_wconf 86' lang='lat' dir='ltr'>alione</span> <span class='ocrx_word' id='word_1_203' title='bbox 1902 3501 2088 3571; x_wconf 85' lang='lat' dir='ltr'>putas</span> 
     </span>
     <span class='ocr_line' id='line_1_27' title="bbox 223 3603 2093 3693; baseline -0.01 -13"><span class='ocrx_word' id='word_1_204' title='bbox 223 3611 482 3686; x_wconf 81' lang='lat' dir='ltr'>tendere</span> <span class='ocrx_word' id='word_1_205' title='bbox 497 3657 522 3690; x_wconf 86' lang='lat'><strong>‚</strong></span> <span class='ocrx_word' id='word_1_206' title='bbox 604 3630 789 3693; x_wconf 86' lang='lat' dir='ltr'>quam</span> <span class='ocrx_word' id='word_1_207' title='bbox 848 3608 930 3675; x_wconf 87' lang='lat' dir='ltr'>ad</span> <span class='ocrx_word' id='word_1_208' title='bbox 1005 3611 1297 3692; x_wconf 69' lang='grc' dir='ltr'>ἀμετρίαν</span> <span class='ocrx_word' id='word_1_209' title='bbox 1316 3604 1351 3670; x_wconf 74' lang='lat'>‘3</span> <span class='ocrx_word' id='word_1_210' title='bbox 1412 3638 1503 3656; x_wconf 91' lang='lat'>--</span> <span class='ocrx_word' id='word_1_211' title='bbox 1558 3603 1715 3669; x_wconf 90' lang='lat' dir='ltr'>Non</span> <span class='ocrx_word' id='word_1_212' title='bbox 1769 3620 1941 3671; x_wconf 79' lang='lat' dir='ltr'>sane.</span> <span class='ocrx_word' id='word_1_213' title='bbox 2001 3643 2093 3662; x_wconf 82' lang='grc'>.-</span> 
     </span>
     <span class='ocr_line' id='line_1_28' title="bbox 223 3726 2091 3809; baseline -0.002 -9"><span class='ocrx_word' id='word_1_214' title='bbox 223 3726 570 3805; x_wconf 76' lang='lat' dir='ltr'>Veritatem</span> <span class='ocrx_word' id='word_1_215' title='bbox 647 3739 851 3794; x_wconf 86' lang='lat' dir='ltr'>autem</span> <span class='ocrx_word' id='word_1_216' title='bbox 925 3726 1188 3809; x_wconf 65' lang='grc' dir='ltr'>ἀμετρίᾳ</span> <span class='ocrx_word' id='word_1_217' title='bbox 1253 3732 1584 3805; x_wconf 84' lang='lat' dir='ltr'>cognatam</span> <span class='ocrx_word' id='word_1_218' title='bbox 1664 3735 1880 3789; x_wconf 84' lang='lat' dir='ltr'>censes</span> <span class='ocrx_word' id='word_1_219' title='bbox 1903 3768 1930 3808; x_wconf 89' lang='lat'>,</span> <span class='ocrx_word' id='word_1_220' title='bbox 2012 3745 2091 3796; x_wconf 87' lang='lat' dir='ltr'>an</span> 
     </span>
    </p>
   </div>
   <div class='ocr_carea' id='block_1_3' title="bbox 1989 3849 2099 3932">
    <p class='ocr_par' dir='ltr' id='par_1_3' title="bbox 1989 3849 2099 3932">
     <span class='ocr_line' id='line_1_29' title="bbox 1989 3849 2099 3932; baseline -0.009 1"><span class='ocrx_word' id='word_1_221' title='bbox 1989 3849 2099 3932; x_wconf 68' lang='grc' dir='ltr'>ὅμ·</span> 
     </span>
    </p>
   </div>
   <div class='ocr_carea' id='block_1_4' title="bbox 231 3997 2093 4178">
    <p class='ocr_par' dir='ltr' id='par_1_4' title="bbox 231 3997 2093 4178">
     <span class='ocr_line' id='line_1_30' title="bbox 263 3997 2093 4090; baseline -0.005 -34"><span class='ocrx_word' id='word_1_222' title='bbox 263 3997 270 4006; x_wconf 82' lang='grc'><em>“</em></span> <span class='ocrx_word' id='word_1_223' title='bbox 300 4003 399 4074; x_wconf 80' lang='grc' dir='ltr'>(ι)</span> <span class='ocrx_word' id='word_1_224' title='bbox 433 4001 501 4056; x_wconf 81' lang='lat' dir='ltr'>ln</span> <span class='ocrx_word' id='word_1_225' title='bbox 531 3998 619 4053; x_wconf 70' lang='lat' dir='ltr'>his</span> <span class='ocrx_word' id='word_1_226' title='bbox 649 3999 808 4056; x_wconf 76' lang='lat' dir='ltr'>atim</span> <span class='ocrx_word' id='word_1_227' title='bbox 840 3997 1108 4090; x_wconf 70' lang='lat' dir='ltr'>vulgatam</span> <span class='ocrx_word' id='word_1_228' title='bbox 1157 4001 1371 4054; x_wconf 68' lang='lat' dir='ltr'>secutus</span> <span class='ocrx_word' id='word_1_229' title='bbox 1405 4013 1521 4051; x_wconf 77' lang='lat' dir='ltr'>anm</span> <span class='ocrx_word' id='word_1_230' title='bbox 1554 4014 1775 4075; x_wconf 58' lang='lat' dir='ltr'>eamque</span> <span class='ocrx_word' id='word_1_231' title='bbox 1806 4007 1956 4061; x_wconf 62' lang='lat' dir='ltr'>recu</span> <span class='ocrx_word' id='word_1_232' title='bbox 1989 4018 2093 4056; x_wconf 65' lang='grc' dir='ltr'>οι..</span> 
     </span>
     <span class='ocr_line' id='line_1_31' title="bbox 231 4089 1621 4178; baseline -0.009 -15"><span class='ocrx_word' id='word_1_233' title='bbox 231 4103 470 4178; x_wconf 69' lang='lat' dir='ltr'>primore</span> <span class='ocrx_word' id='word_1_234' title='bbox 503 4098 763 4165; x_wconf 72' lang='lat' dir='ltr'>vertendo</span> <span class='ocrx_word' id='word_1_235' title='bbox 798 4089 1018 4157; x_wconf 74' lang='lat' dir='ltr'>conatui</span> <span class='ocrx_word' id='word_1_236' title='bbox 1053 4113 1187 4154; x_wconf 76' lang='lat' dir='ltr'>anm.</span> <span class='ocrx_word' id='word_1_237' title='bbox 1225 4095 1313 4154; x_wconf 70' lang='lat' dir='ltr'>Cf.</span> <span class='ocrx_word' id='word_1_238' title='bbox 1350 4097 1472 4155; x_wconf 72' lang='lat' dir='ltr'>Aut·</span> <span class='ocrx_word' id='word_1_239' title='bbox 1504 4097 1546 4152; x_wconf 82' lang='lat'>1.</span> <span class='ocrx_word' id='word_1_240' title='bbox 1578 4098 1621 4156; x_wconf 84' lang='lat'>1.</span> 
     </span>
    </p>
   </div>
  </div>
 </body>
</html>
