2792 5167
1597 425 1984 506 ...158-

876 611 1123 672 lie-ntur.
1204 606 1369 672 Illud
1409 620 1614 672 autem
1655 606 1928 671 nondum
1975 604 2487 684 commemoravi,
2526 604 2644 685 quod

874 723 936 788 in
976 723 1075 788 his
1117 721 1514 804 praecipuum
1552 736 1692 803 est,
1727 740 2089 804 expressam
2137 721 2230 786 ita
2268 741 2303 785 a
2339 722 2558 786 Platone
2586 738 2648 783 es-

868 858 982 919 se,
1040 853 1209 906 certe
1249 839 1406 906 effici
1444 840 1623 921 plane
1665 859 1739 905 ex
1769 839 1905 922 ejus
1947 838 2292 903 civitatum
2329 835 2652 919 descriptione

870 976 1108 1038 posse,
1190 956 1567 1022 verissimam
1661 974 1798 1020 cum
1874 953 2166 1020 civitatis
2264 970 2396 1018 tum
2465 951 2652 1016 lamis

868 1073 1249 1140 libertatem.
1338 1073 1534 1157 Quod
1579 1087 1648 1137 ut
1703 1070 2122 1155 percipiamus
2167 1069 2424 1150 animo,
2465 1068 2655 1151 tyranni-

874 1193 1011 1256 dem
1068 1190 1356 1272 deinceps
1422 1190 1747 1271 virumque
1793 1189 1848 1253 ei
1907 1190 2236 1280 similpm,
2301 1203 2373 1251 ut
2426 1201 2587 1251 exstat
2619 1181 2654 1247 in

876 1309 1152 1383 Politia,
1209 1306 1608 1387 contemplari
1642 1305 1905 1389 juvabit.
1991 1304 2290 1371 Primum
2338 1321 2478 1368 vero
2511 1301 2656 1365 dede·

876 1425 1204 1491 moer-atine
1254 1423 1316 1488 in
1372 1423 1532 1488 hanc
1588 1421 1909 1505 pessimam
1945 1421 2283 1488 civitatem
2336 1416 2658 1484 conversim

866 1558 1140 1623 agamus.

1106 1773 1723 1838 Democratiae
1784 1775 1870 1836 in
1933 1771 2491 1858 tyrannidem

1539 1892 2025 1955 conversio.

950 2122 1148 2188 Recte
1191 2125 1312 2188 hoc
1352 2121 1508 2188 vidit
1553 2122 2015 2206 philosophus,
2065 2123 2231 2188 illud
2268 2124 2507 2204 ipsum,
2537 2109 2650 2194 quod

864 2239 931 2304 in
985 2240 1347 2306 civitatibus
1405 2239 1671 2306 maximo
1735 2239 1991 2304 habetur
2050 2241 2204 2306 loco
2234 2286 2258 2319 ,
2316 2235 2420 2302 ubi
2465 2229 2646 2299 nimina

867 2372 1009 2436 est,
1046 2357 1123 2421 ad
1161 2357 1295 2441 ejus
1330 2358 1568 2438 lapsum
1611 2372 1674 2421 et
1701 2355 2030 2439 perniciem
2067 2360 2447 2423 evalescere.
2489 2351 2650 2416 Nom

870 2473 1083 2538 eodem
1130 2472 1261 2537 fere
1303 2474 1488 2537 modo
1514 2520 1537 2551 ,
1573 2475 1665 2538 sic
1720 2472 1918 2557 pergit
1965 2475 2134 2555 apud
2195 2493 2342 2540 eum
2395 2473 2642 2537 Socrate.

869 2609 945 2656 ex
978 2591 1345 2657 democratia
1380 2589 1660 2672 tyrannis
1684 2637 1709 2671 ‚
1757 2608 1887 2673 quo
1926 2610 2001 2656 ex
2035 2590 2386 2674 oligarchia
2413 2588 2643 2652 democn·

865 2709 986 2787 tia,
1014 2707 1309 2776 exsistit?
1351 2708 1486 2773 Illic
1530 2726 1750 2791 nempe
1784 2707 1970 2775 nimia
2011 2707 2376 2774 divitiarum
2412 2698 2640 2784 cupidius
2735 2723 2736 2726 ’

867 2825 1295 2889 democratiam
1355 2825 1728 2908 progenuit:
1774 2824 2052 2890 similiter
2095 2825 2199 2890 hic
2255 2824 2474 2891 nimius
2513 2815 2641 2880 liber·

860 2939 1004 3004 tatis
1044 2942 1227 3004 ardor
1267 2939 1614 3021 tyrannidis
1657 2959 1873 3007 caussa
1913 2956 2036 3008 est.
2125 2942 2234 3007 Fit
2280 2957 2473 3008 autem
2504 2929 2640 3005 illud,

863 3074 1004 3119 cum
1058 3053 1467 3137 inexplebiles
1525 3058 1746 3139 populi
1793 3057 1999 3123 fauces
2033 3074 2423 3138 ,exaruerunt
2464 3054 2637 3120 libem·

860 3173 941 3236 tis
984 3169 1137 3248 siti,
1196 3160 1498 3253 malisque
1549 3191 1701 3238 usus
1757 3174 1863 3239 ille
1910 3174 2253 3257 ministris,
2305 3194 2431 3242 non
2465 3163 2638 3237 modice

862 3302 1301 3369 temperatam,
1341 3289 1452 3353 sed
1492 3288 1676 3354 nimis
1734 3310 2027 3357 meracam
2090 3292 2428 3359 libertatem
2481 3282 2633 3352 sitiens

862 3404 1176 3485 hauserit3
1222 3421 1355 3471 tum
1401 3409 1892 3490 magistratuset
1933 3410 2291 3493 principes,
2366 3407 2475 3475 nisi
2520 3396 2635 3465 walde

865 3524 1030 3587 lenes
1072 3535 1134 3586 et
1167 3521 1409 3586 remissi
1447 3522 1621 3601 sint,
1678 3540 1739 3587 et
1795 3523 1961 3607 large
2014 3526 2136 3590 sibi
2197 3525 2522 3593 libertatem
2562 3510 2638 3579 mi·

866 3639 1176 3719 nistrent‚
1240 3638 1634 3720 insequitur,
1712 3640 2072 3721 insimulat,
2134 3644 2383 3726 arguit:
2443 3645 2632 3724 prssel‘0·

864 3769 1062 3819 tentes
1088 3801 1111 3833 ‚
1159 3772 1333 3837 reges
1358 3803 1381 3836 ‚
1428 3772 1721 3839 tyrannos
1762 3774 1969 3825 vocat.
2035 3760 2171 3825 Eos
2203 3776 2406 3825 autem
2428 3806 2448 3838 ‚
2483 3744 2634 3834 quiin

863 3870 1219 3952 magistratu
1282 3871 1662 3953 privatorum
1723 3873 1952 3941 similes
2010 3894 2146 3941 esse
2193 3877 2431 3957 velint,
2481 3870 2634 3937 ferunt
2730 3789 2732 3930 A

866 3987 1148 4050 'atidibus
1190 4002 1251 4050 et
1297 4004 1560 4054 mactant
1607 3990 1952 4056 honoribus
1979 4039 2001 4072 ‚
2057 4008 2128 4058 ut
2172 4012 2418 4060 necesse
2459 3988 2559 4060 sit,
2593 3979 2633 4041 52²

2519 4112 2638 4180 ejus·
