2792 5167
1039 543 1126 560 ..
1165 521 1381 589 25„-

271 684 573 753 obediens
654 696 748 752 est
819 686 1275 768 providentiae,
1366 703 1596 770 atque,
1682 687 1791 754 ubi
1870 684 2134 771 adspicit

271 802 622 869 formosum
651 849 676 885 ,
739 800 1070 867 formidine
1136 803 1319 885 perit.
1415 806 1586 877 Ὠς-ε
1639 806 1960 888 ξυμβαίνει
2001 803 2141 875 τοτ’

276 924 384 1000 ἤδη
443 924 557 999 τὴν
612 926 717 989 τοῦ
773 924 980 1004 &pecora
1039 925 1249 1006 ψυχὴν
1300 932 1423 998 τοῖς
1466 924 1756 999 παιδικοῖς
1797 923 2139 1004 αἰδουμένην

278 1065 350 1108 τε
412 1040 518 1106 καὶ
606 1040 923 1108 δεδωκυῖαν
1005 1036 1274 1107 ἕπεσθαι.
1412 1037 1522 1104 Fu
1589 1039 1690 1104 ita
1756 1034 2095 1124 aIIquando
2108 1080 2133 1116 ,

283 1168 358 1220 ut
412 1157 715 1221 amasium
772 1152 1047 1221 amantis
1108 1155 1357 1221 anirum
1413 1173 1552 1219 cum
1607 1151 1986 1221 verecundia
2026 1173 2148 1218 me·

282 1288 480 1360 tuque
506 1284 956 1359 prosequatur.
1008 1265 1092 1335 (¹)

364 1387 724 1471 Descriptio
795 1388 942 1453 haec
1010 1387 1197 1461 animi
1263 1388 1576 1455 Platonica
1653 1401 2042 1472 quantopere
2112 1408 2149 1457 a

277 1504 550 1588 posteris
610 1502 912 1570 celebrata
964 1503 1391 1587 iniitandoque
1437 1496 1906 1588 expressa'sit,
1949 1504 2150 1569 Phae·

276 1620 388 1688 dri
432 1621 804 1705 interpretes
844 1623 1098 1688 docent.
1210 1619 1425 1688 Nobis
1450 1666 1475 1701 ,
1538 1620 1649 1703 qui
1707 1620 1905 1704 ipsam
1960 1619 2153 1686 inter·

277 1740 506 1823 pretari
579 1739 956 1806 Platonicam
1047 1737 1511 1822 philosophiam
1609 1737 1982 1817 studemus,
2068 1738 2147 1802 de

279 1871 488 1922 mente
557 1856 951 1958 consilioque
1015 1855 1382 1938 philosophi
1454 1855 1519 1920 in
1586 1854 1686 1921 his
1762 1851 2145 1920 celebrandis

276 1972 732 2057 dispiciendum
796 1988 916 2039 est.
1047 1973 1350 2038 Naturam
1412 1950 1599 2037 animi
1661 1971 1774 2036 hae
1837 1968 2145 2054 imagine,

280 2103 357 2153 ut
395 2105 621 2169 sponte
656 2089 1007 2168 cernimus,
1054 2087 1382 2153 declaravit
1405 2134 1429 2167 ,
1471 2105 1585 2153 nec
1622 2086 1951 2170 quisquam
1994 2088 2143 2152 haec

279 2202 545 2286 legerit,
609 2203 763 2285 quin
818 2205 1078 2271 rationis
1130 2223 1270 2270 cum
1328 2203 1780 2287 cupiditatibus
1842 2217 2149 2270 certamen

282 2317 664 2402 descriptum
717 2333 781 2386 et
832 2319 1022 2385 veluti
1073 2319 1385 2403 depictum
1447 2319 1694 2385 viderit.
1800 2319 1925 2386 Sed
1969 2319 2150 2385 locus

283 2434 386 2502 hic
432 2436 510 2501 de
555 2435 878 2503 domandis
922 2436 1409 2519 cupiditatibus,
1479 2435 1767 2517 quamvis
1810 2436 2016 2519 gravis
2068 2435 2157 2519 sit

285 2552 350 2618 in
403 2552 606 2619 ethica
641 2557 902 2633 nostrai,
945 2571 1059 2618 nec
1105 2554 1311 2619 minus
1355 2573 1390 2619 a
1434 2552 1640 2637 poetis
1700 2568 1888 2634 atque
1944 2568 2151 2620 orato-

280 2669 503 2750 ribus,
548 2688 730 2749 quam
794 2688 830 2734 a
881 2670 1275 2754 philosophis
1322 2671 1668 2738 celebratus
1700 2718 1724 2750 ,
1789 2688 2027 2750 tamen,
2083 2688 2154 2736 ut

280 2787 389 2867 id,
435 2789 608 2868 quod
656 2786 904 2867 sentio,
950 2787 1141 2853 libere
1179 2786 1514 2871 profitear,
1556 2789 1933 2870 communis,
1977 2788 2151 2870 quod

277 2904 499 2989 ajunt,
545 2905 708 2969 locus
756 2917 876 2970 est.
1004 2903 1182 2969 Plato
1228 2918 1473 2985 autem,
1533 2904 1707 2986 quod
1747 2905 2152 2987 neglexerunt

278 3017 411 3086 fere
452 3020 868 3103 philosophi,
923 3040 1089 3103 equo
1144 3020 1233 3087 illi
1289 3019 1665 3101 ferocienti,
1733 3040 1865 3104 quo
1911 3018 2154 3104 cupidi·

251 3128 475 3202 'tatum
520 3139 964 3203 vehementiam
1011 3137 1435 3221 insaniamque
1471 3136 1821 3221 significat,
1887 3139 2149 3204 alterum

282 3271 513 3335 equum
567 3253 893 3339 adJ'unxit,
990 3255 1296 3337 placidum
1360 3254 1666 3337 frenoque
1721 3254 2147 3337 obtemperan-

283 3384 448 3450 tem,
510 3372 690 3454 cujus
763 3368 1024 3436 maxime
1094 3389 1220 3453 ope
1273 3371 1428 3437 ratio
1480 3372 1851 3455 cupiditates
1907 3370 2146 3436 inhibet

281 3503 353 3550 ac
412 3486 644 3552 domat.
767 3486 888 3553 Est
946 3487 1184 3552 scilicet
1222 3486 1327 3553 ille
1377 3487 1529 3554 recti
1579 3505 1752 3551 amor
1813 3486 2150 3569 inanimo

280 3618 547 3670 nostro:
615 3624 786 3671 amor
824 3605 1081 3671 omnino
1115 3620 1256 3686 est,
1302 3624 1487 3687 quem
1523 3603 1952 3688 laudavimus»,
2000 3625 2158 3671 ura·
2264 3656 2271 3661 .

276 3730 465 3803 nius,
537 3743 666 3806 quo
737 3742 857 3789 nos
929 3723 1104 3789 ducti
1157 3725 1490 3806 pulcrum,
1566 3722 1849 3803 bonum,
1907 3724 2147 3809 justum

275 3842 526 3923 assequi
591 3840 871 3909 nitimur.
1007 3841 1171 3911 Nam
1253 3838 1516 3906 affectus
1593 3841 1760 3924 apud
1810 3842 2147 3910 Platonem

2024 3976 2155 4027 non

350 4103 442 4179 (ι)
475 4103 723 4156 Phaedr·
759 4101 861 4157 263
884 4102 951 4157 Ε.
985 4129 1047 4147 -
1084 4101 1183 4159 255
1208 4102 1278 4158 A.
