2792 5167
1423 464 1816 531 -134-·

680 626 1022 708 limumque
1086 647 1224 695 eum
1281 627 1555 697 efficiunt
1610 630 1750 695 Deo
1815 647 1964 701 suo.
2014 626 2093 681 0>-
2166 628 2268 697 Sic
2331 645 2540 707 amans

682 761 948 813 anatum
973 791 1000 826 ‚
1043 745 1224 831 quasi
1249 745 1350 811 hic
1381 749 1554 813 Deus
1591 746 1674 812 sit
1707 744 1879 829 ipsi,
1924 760 2237 830 tamquam
2274 763 2543 814 statuam

678 860 701 929 i
731 861 976 931 tsormat
1017 876 1080 927 et
1109 878 1370 935 exornat
1406 911 1432 946 ,
1466 877 1693 947 utpote
1731 864 2021 938 culturus
2057 882 2203 937 eum
2238 862 2553 945 festisque

683 977 1134 1071 celebraturus.
1187 980 1250 1026 <⁸³

771 1094 929 1185 ⁸blec,
958 1110 1161 1163 tamen
1190 1095 1276 1162 ita
1318 1097 1625 1167 continuo
1669 1115 1791 1164 suo
1835 1097 2106 1181 quisque
2137 1097 2375 1173 amasio,
2408 1116 2562 1183 pro-

688 1212 886 1287 dest.·
936 1212 1108 1287 Nam
1140 1227 1211 1281 ut
1260 1213 1531 1299 primum
1589 1215 1735 1297 quis
1793 1214 2075 1303 adspexit
2132 1215 2418 1285 divinum
2480 1213 2561 1281 il-

695 1332 827 1396 lum
883 1332 1178 1413 vultum,
1261 1331 1372 1414 qui
1418 1330 1616 1414 spirat
1654 1350 1979 1427 amorem2
2060 1331 2560 1415 germinantibus

691 1446 853 1528 alia,
893 1443 1110 1517 furore
1146 1448 1489 1534 corripitur
1526 1448 2122 1533 vehementissimo,
2165 1467 2275 1516 nec
2316 1449 2419 1515 sui
2458 1462 2561 1515 est

687 1582 980 1649 compos.
1106 1564 1409 1649 Optimus
1504 1565 1688 1633 etiam
1762 1564 2081 1639 libidinem
2119 1614 2146 1650 ,
2238 1581 2560 1648 tamquam

693 1701 925 1763 equum
983 1681 1388 1748 ferocientem
1415 1729 1441 1764 ‚
1501 1700 1682 1765 aegre
1741 1683 1995 1762 domat,
2038 1700 2103 1747 et
2151 1683 2274 1751 nisi
2317 1700 2560 1768 tempe·-

691 1797 888 1864 tantia
953 1812 1026 1863 et·
1081 1794 1394 1861 fortitudo
1419 1841 1442 1877 ,
1506 1813 1632 1865 una
1703 1816 1850 1863 cum
1930 1799 2309 1881 prudentia,
2347 1799 2560 1883 ipsius

686 1912 756 1981 in
790 1912 996 1981 animo
1061 1910 1344 1997 vigerent
1363 1959 1389 1994 ‚
1451 1909 1638 1986 freno
1698 1919 1987 1982 coercere
2042 1914 2360 1987 libidinem
2414 1920 2563 1985 nul-

687 2033 757 2101 lo
811 2030 1003 2099 modo
1053 2044 1299 2114 posset.
1362 2031 1489 2105 Sed
1535 2030 1736 2098 vincit
1777 2032 2106 2117 prudentia
2160 2053 2302 2101 cum
2350 2031 2561 2102 studio

695 2150 992 2230 honesti,
1036 2167 1294 2231 quoque
1333 2146 1471 2231 ipse
1530 2147 1802 2231 agitatur
1852 2168 2106 2230 amore,
2151 2153 2366 2223 eodem
2424 2153 2556 2236 jam

691 2265 922 2341 imbuit
945 2262 1270 2332 amasium.
1356 2264 1523 2330 Nam
1549 2278 1621 2329 ut
1654 2264 1732 2331 ab
1768 2265 1898 2363 hoc
1937 2267 2216 2349 suscepit
2254 2285 2367 2350 per
2399 2286 2560 2332 ocu-

689 2388 793 2453 los
849 2379 1290 2468 pulcritudinis
1349 2378 1666 2451 effluvium
1694 2429 1718 2463 ,
1785 2402 1915 2465 quo
1953 2382 2209 2455 incaluit
2245 2398 2560 2467 totusque

681 2517 782 2569 est
823 2513 1289 2580 commutatus,
1335 2498 1428 2563 sic
1478 2498 1651 2565 venti
1708 2497 1903 2565 instar
1957 2515 2065 2573 aut
2100 2502 2341 2583 echos,
2392 2502 2561 2569 redit

684 2619 865 2687 hicce
924 2618 1120 2705 ἵμερος
1170 2617 1249 2682 ab
1294 2629 1534 2687 amante
1594 2616 1660 2681 in
1718 2613 1936 2682 amasii
1983 2616 2304 2696 animum,
2380 2636 2558 2681 eum·

683 2756 814 2821 que
862 2735 1086 2820 implet
1143 2752 1351 2802 amore
1404 2747 1469 2801 et
1524 2733 1707 2816 quasi
1747 2732 1962 2816 irrigat
2004 2732 2371 2816 emollitque
2391 2780 2418 2815 ‚
2487 2749 2561 2799 ut

678 2855 917 2945 pariter
967 2854 1249 2925 oriantur
1280 2857 1434 2921 alae.
1531 2852 1721 2919 Amat
1757 2850 1845 2919 ita
1873 2865 1936 2916 et
1979 2850 2154 2917 hicce
2184 2898 2209 2933 ,
2255 2851 2367 2917 sed
2405 2849 2564 2933 quid

676 2989 883 3055 amet,
924 2973 1305 3055 nescit,nec
1348 2984 1563 3055 potest
1593 2969 1898 3035 declarare
1922 3015 1944 3049 ,
1985 2967 2140 3050 quid
2180 2966 2305 3051 ipsi
2333 2984 2560 3037 evene·

676 3090 788 3159 rit.
889 3088 994 3155 Fit
1055 3102 1262 3155 autem
1336 3100 1559 3151 mutuo
1630 3097 1694 3148 et
1756 3083 2082 3166 reciproco
2139 3102 2347 3149 amore
2371 3129 2398 3163 ‚
2482 3096 2557 3150 ut

676 3219 995 3287 tamquam
1049 3204 1117 3273 in
1152 3205 1456 3285 speculo,
1501 3200 1595 3267 sic
1652 3199 1722 3275 in
1770 3214 2055 3281 amante,
2100 3218 2296 3267 semet
2341 3199 2553 3283 ipsum

667 3317 1010 3405 adspiciat:
1054 3319 1247 3404 ὥσπερ
1292 3324 1345 3389 δ’
1385 3323 1449 3398 ἐν
1489 3319 1803 3402 κατόπτρῳ
1847 3322 1910 3386 ἐν
1950 3321 2036 3401 τῷ
2087 3322 2264 3401 ἐρῶντ-
2310 3321 2549 3387 {aurbun

661 3442 812 3526 δρᾶ,
849 3440 1082 3518 λέληθε.
1134 3433 1197 3482 <⁸²
1278 3433 1532 3502 Absens
1571 3432 1764 3517 igitur
1794 3430 2105 3499 desiderat
2133 3448 2312 3513 eum,
2352 3445 2430 3496 ut
2472 3430 2555 3499 ab

668 3574 752 3623 eo
797 3554 1182 3627 desideratur
1236 3551 1514 3620 vicissim
1536 3600 1562 3631 ,
1645 3568 1763 3619 nec
1818 3548 2162 3634 quidquam
2215 3547 2399 3634 cupit
2446 3567 2562 3617 ve·

671 3672 1076 3758 matius,
1140 3689 1329 3756 quam
1371 3685 1444 3736 ut
1480 3688 1725 3755 semper
1770 3687 1918 3742 cum
1949 3686 2028 3734 eo
2079 3664 2172 3737 sit
2223 3682 2377 3739 una.
2464 3666 2557 3735 Et

2449 3799 2543 3851 sto

733 3935 835 4003 (a)
871 3928 1103 3990 Phaedr-
1151 3933 1254 3989 252
1308 3939 1358 3995 C
1403 3957 1484 3981 -ι-
1530 3929 1651 3997 256·
1822 3924 1939 4001 (a)
1978 3922 2125 3982 Eod.
2177 3920 2301 3983 852.
2322 3918 2404 3979 D·

724 4022 826 4117 (Β)
856 4020 1085 4085 Phnodr·
1128 4023 1225 4085 2³5
1261 4024 1336 4081 D.
