2792 5167
1049 502 1391 567 ..53-

276 684 410 734 eam
447 681 568 749 pro
604 660 845 731 viribus
886 680 1306 749 propugnare.
1335 660 1424 736 (Ι)
1490 670 1499 681 “
1530 662 1709 749 Quae
1746 680 1887 729 cum
1929 662 2149 731 Socra-

280 796 406 851 te·
446 780 752 848 dicentem
793 776 1024 846 faceret
1069 780 1291 861 Plato,
1350 780 1507 865 quin
1555 800 1709 848 suos
1766 780 1901 864 ipse
1947 782 2025 849 de
2077 799 2146 847 re

285 896 675 967 sancdssima
712 895 971 964 intimos
1011 914 1238 963 sensus
1276 884 1699 982 expresserit,
1759 916 1989 981 nemo,
2031 898 2146 981 qui

287 1015 437 1082 haec
475 1013 628 1099 legit
645 1059 671 1097 ,
707 1011 781 1080 in
819 1009 1079 1081 dubium
1120 1017 1464 1084 vocaverit.

514 1245 936 1333 Jusu'tiae
984 1243 1557 1332 exquirendae
1610 1268 1914 1316 caussa

798 1364 1127 1432 civitas
1179 1361 1609 1450 fingitur.

362 1597 542 1683 Ergo
593 1615 725 1681 quo
777 1593 1024 1664 facilius
1080 1594 1416 1681 aptiusque
1470 1595 1905 1683 gravissimum
1960 1613 2143 1681 argu-

279 1728 556 1783 mentum
612 1714 905 1797 idemque
951 1712 1375 1781 difficillimum
1440 1714 1822 1797 explicaret,
1883 1712 2000 1780 iter
2040 1713 2140 1779 iu-

281 1846 537 1914 gressus
578 1831 758 1899 Pl·to
822 1845 919 1897 est
971 1830 1477 1913 disquisitionis,
1539 1832 1714 1915 quod
1754 1831 2138 1913 houd-scio,

279 1965 363 2014 nn
409 1964 729 2029 nunquam
782 1966 819 2013 a
863 1946 1252 2030 philosopho
1296 1963 1597 2015 tentatum
1624 1996 1649 2029 ‚
1712 1949 1936 2035 nedum
1985 1965 2139 2015 con·

279 2061 517 2131 fectum
572 2062 683 2128 sit.
767 2065 934 2131 Cum
987 2061 1054 2128 in
1117 2063 1414 2147 singulari
1474 2065 1763 2145 homine,
1807 2065 1962 2148 quid
2004 2066 2145 2150 ius·

285 2177 428 2245 title
465 2178 589 2261 sit,
650 2197 781 2246 non
827 2194 1150 2264 appareat,
1212 2181 1519 2250 continuo
1559 2183 1624 2247 in
1664 2182 1973 2248 civitatem
2017 2198 2140 2247 nos

289 2292 574 2376 inducit,
615 2295 684 2362 in
729 2313 853 2379 qua
891 2312 1009 2361 nos
1066 2314 1237 2376 eam,
1285 2295 1524 2380 quippe
1575 2298 1640 2362 in
1681 2298 1912 2381 majore
1948 2311 2140 2378 atque

286 2413 587 2495 ampliore
647 2414 904 2499 negotio
928 2460 952 2494 ,
1016 2412 1276 2479 celerius
1353 2414 1712 2495 certiusque
1774 2412 2140 2477 inventuros

287 2527 644 2599 arbitretur.
773 2528 943 2595 Haec
994 2548 1157 2597 nova
1205 2544 1301 2595 est
1355 2530 1457 2595 illa
1506 2527 1893 2612 disquirendi
1939 2526 2140 2607 ratio,

282 2663 489 2730 quae,
563 2660 636 2712 ut
694 2644 1134 2730 inprooemio
1188 2644 1715 2729 significavimus,
1802 2663 1925 2712 una
1991 2662 2141 2710 curu

283 2760 507 2830 morali
529 2760 873 2841 doctrin,
932 2760 1247 2846 politicam
1308 2762 1492 2828 nobis
1556 2763 1865 2829 recludet:
1955 2761 2145 2843 idque

247 2874 580 2944 affectura
633 2891 766 2960 est,
819 2890 892 2945 ut
938 2876 1002 2943 in
1055 2877 1307 2944 civitate
1355 2876 1713 2959 hominem,
1774 2878 1839 2944 in
1893 2878 2146 2944 homine

280 2993 601 3062 civitatem
656 3008 720 3061 et
774 3012 1183 3080 agnoscamus
1242 3011 1305 3061 et
1368 2996 1793 3079 exploremus.
1913 2994 2147 3080 Qum·

288 3128 475 3193 quam
530 3110 597 3176 id
656 3128 796 3176 raro
847 3125 909 3176 et
955 3111 1206 3177 vixdum
1232 3159 1256 3193 ‚
1317 3113 1491 3193 quod
1532 3112 1753 3179 mirum
1798 3112 1986 3179 nobis
2046 3132 2149 3177 ac·

161 3208 166 3219 ⁸
287 3226 457 3293 cidet
517 3244 774 3293 necesse
836 3242 980 3306 est,
1082 3227 1642 3295 animadverterunt
1715 3227 2149 3311 philosophiae

287 3341 634 3411 Platonicae
676 3345 1066 3426 interpretes.
1193 3346 1402 3430 Longi
1465 3363 1612 3411 sunt
1668 3345 1798 3410 fere
1865 3348 1929 3408 in
1982 3344 2151 3427 judi-

291 3456 553 3527 dicanda
596 3459 913 3545 republica
947 3460 1304 3541 Platonica,
1363 3480 1544 3543 quam
1590 3462 1687 3527 vel
1740 3459 1993 3525 laudant
2046 3458 2151 3522 ad·

289 3572 714 3658 miranturque
790 3577 1184 3647 vehementer
1238 3579 1340 3643 vel
1397 3577 1895 3659 reprehendunt3
2016 3594 2148 3658 quo

285 3707 444 3758 vero
506 3691 837 3776 proposito
905 3712 1033 3759 eam
1103 3692 1349 3759 finxerit
1407 3708 1664 3771 auctor,
1750 3692 2029 3775 quidque
2080 3690 2148 3757 in

283 3804 663 3891 perficiendo
717 3809 1049 3893 proposito
1071 3856 1097 3892 ,
1148 3811 1225 3878 ad
1263 3809 1553 3875 moralem
1594 3808 1657 3875 in
1694 3808 1912 3891 primis
1965 3808 2151 3875 disci·

2031 3926 2153 4008 pu·

345 4064 440 4136 (ι)
478 4068 618 4139 nep.
655 4067 737 4123 u.
779 4068 880 4123 568
906 4069 1085 4123 A-C.
