2792 5167
1446 500 1794 563 -44-

684 657 858 744 Ergo
922 677 1317 742 quacumque
1375 675 1524 725 sunt
1576 676 1639 727 et
1695 660 1984 744 quamvis
2044 678 2383 747 praestante
2434 669 2541 733 in-

680 775 868 855 dote,
943 776 1246 844 utendum
1306 775 1652 859 disciplinis
1736 791 1880 858 est,
1969 780 2204 863 quibus
2284 796 2534 851 namne

677 905 1101 960 succurratur.
1188 890 1326 957 Hae
1370 909 1523 957 vero
1568 909 1867 974 quaenam
1920 894 2181 962 maxime
2222 895 2357 962 sint
2381 944 2408 981 ‚
2449 896 2544 962 di-

676 1006 976 1092 ligentius
1020 1008 1145 1092 iam
1188 1006 1624 1093 indagandum.

1181 1183 1305 1250 De
1366 1184 1993 1274 arithmetica.

759 1364 834 1430 In
889 1362 1132 1430 musica
1187 1376 1253 1428 et
1312 1361 1701 1448 gymnastica
1723 1410 1749 1445 ‚
1810 1363 1897 1430 ait
1947 1365 2231 1433 Socrates
2296 1365 2359 1432 in
2422 1366 2539 1433 iis·

674 1481 815 1548 dem
865 1480 965 1547 his
1009 1499 1155 1556 cum
1219 1477 1551 1546 Glaucone
1593 1494 1657 1547 et
1693 1480 2029 1547 Adimanto
2084 1480 2483 1549 sermonibus
2511 1527 2541 1563 ‚

670 1597 843 1663 haud
899 1596 1335 1682 reperiuntur,
1417 1616 1569 1680 quas
1637 1598 2038 1680 quaerimus,
2120 1597 2490 1683 disciplinae
2514 1647 2543 1681 ,

674 1714 881 1781 minus
932 1713 1117 1780 etiam
1169 1714 1236 1779 in
1279 1714 1521 1781 artibus
1572 1713 2019 1782 illiberaiibust
2065 1712 2235 1783 forte
2269 1717 2396 1783 sint
2431 1734 2551 1783 ex·

674 1843 767 1897 tta
819 1828 983 1894 illas.
1072 1828 1201 1895 Sed
1252 1847 1410 1912 age,
1469 1849 1611 1896 cum
1659 1830 1972 1899 nihildum
2026 1834 2104 1900 ab
2153 1832 2254 1900 his
2313 1833 2551 1901 discre-

675 1959 810 2011 tum
841 1959 1112 2010 mentem
1149 1943 1415 2026 subeat,
1459 1964 1777 2011 sumamus
1813 1947 2052 2029 aliquid
2085 1966 2307 2015 eorum
2327 1996 2357 2031 ,
2388 1968 2553 2033 quae

678 2059 974 2128 omnibus
1019 2074 1178 2126 sunt
1239 2062 1614 2128 communia.
1746 2060 1918 2130 Tum
1977 2063 2277 2147 Glauco,
2359 2065 2569 2149 quale·

675 2178 902 2246 istud?
964 2178 1231 2261 quaerit.
1342 2178 1469 2245 Cui
1534 2179 1870 2261 Socrates,
1932 2180 2132 2247 veluti
2191 2182 2317 2249 hoc
2368 2201 2550 2249 com-

678 2313 910 2376 mune,
979 2293 1231 2378 inquit,
1310 2312 1443 2376 quo
1513 2312 1733 2362 omnes
1811 2311 2082 2362 utuntur
2135 2311 2201 2364 et
2255 2312 2417 2366 artes
2474 2315 2550 2367 et

553 2407 570 2424 ⁶
675 2411 1093 2497 cogitationes
1134 2425 1199 2477 et
1260 2398 1595 2494 scientiae,
1678 2414 1852 2494 quod
1904 2407 1971 2480 et
2020 2414 2224 2483 cuivis
2282 2433 2546 2484 necesse

674 2544 774 2599 est
828 2544 901 2596 ut
956 2527 1225 2614 primu‘m
1285 2527 1508 2596 discat.
1563 2564 1658 2586 ·-
1714 2530 1921 2617 Quale
1972 2549 2124 2599 vero
2174 2532 2345 2600 istud
2398 2546 2546 2600 tan-

673 2649 868 2717 dem?
911 2686 1000 2701 —
1037 2645 1186 2712 Vile
1227 2645 1469 2726 hocce,
1514 2644 1765 2730 inquit,
1811 2666 2008 2715 unum
2039 2665 2104 2717 et
2143 2650 2268 2717 duo
2316 2665 2381 2717 et
2418 2651 2542 2718 tria

675 2766 1081 2854 dignosceret
1150 2761 1294 2828 dico
1334 2774 1539 2828 autem
1590 2761 1885 2830 universe
1925 2786 2250 2833 numerum
2290 2779 2357 2833 et
2392 2784 2543 2856 sup·

660 2886 1079 2974 putationem·
1204 2879 1443 2946 Nonne
1496 2878 1660 2946 enim
1724 2879 1817 2947 sic
1875 2899 1948 2949 se
2002 2902 2103 2949 res
2151 2883 2341 2952 habet
2358 2931 2384 2966 ,
2470 2899 2551 2951 ut

678 2996 885 3065 omnis
930 3009 994 3062 et
1043 3011 1141 3059 ars
1197 3006 1265 3059 et
1322 2992 1604 3059 doctrina
1656 3011 1872 3059 eorum
1932 2998 2282 3063 necessario
2343 3002 2545 3082 parti-

670 3134 824 3201 ceps
857 3111 997 3180 sit?
1035 3143 1129 3163 -·
1167 3109 1479 3178 Omnino.
1516 3148 1603 3164 —
1642 3107 1771 3176 Hic
1809 3109 2099 3200 Socrates
2137 3112 2393 3179 miratur
2422 3133 2538 3181 an-

675 3231 914 3312 tiquam
987 3228 1068 3294 de
1139 3227 1460 3296 Palamede
1522 3225 1915 3295 traditIOnem
1941 3274 1966 3309 ,
2052 3226 2121 3294 in
2196 3231 2535 3315 tragoediis

677 3347 928 3417 obviam
949 3392 976 3429 ‚
1058 3345 1233 3413 illum
1309 3343 1514 3412 fuisse
1531 3392 1557 3427 ,
1639 3344 1750 3428 qui
1820 3362 2116 3412 numeros
2199 3345 2532 3417 inveniret.

673 3466 927 3556 Quasi,
1006 3461 1255 3544 inquit,
1337 3475 1487 3529 ante
1540 3462 1918 3530 Palamedem
1976 3480 2093 3529 nec
2147 3463 2400 3532 ordines
2468 3467 2539 3535 in

672 3587 806 3654 acie
863 3581 1174 3651 'collocare
1225 3578 1658 3662 Agamemnon
1682 3624 1708 3660 ‚
1771 3593 1886 3646 nec
1938 3597 2128 3646 naves
2189 3595 2545 3666 supputare

673 3699 1039 3786 potuisset,
1081 3715 1195 3765 nec
1221 3712 1376 3761 vero
1408 3691 1549 3776 ipse
1573 3740 1609 3786 ,Ι
1644 3709 1807 3776 quot
1847 3695 2100 3763 haberet
2140 3699 2376 3781 pedm,
2417 3699 2541 3766 sci-

667 3817 895 3884 visset.
958 3847 1051 3866 -
1112 3805 1444 3880 Ridiculus
1496 3809 1789 3893 profecto
1852 3812 2162 3878 exercitus
2234 3816 2405 3896 dux,
2479 3816 2539 3884 si

668 3928 830 3999 inud
880 3942 1051 3995 esset
1096 3925 1359 3994 verum!
1418 3961 1512 3978 —
1571 3925 1774 3993 Estne
1838 3925 2027 4012 igitur
2090 3931 2266 4014 quod
2330 3915 2537 4003 virum

668 4047 993 4126 militarem
1061 4040 1258 4127 magis
1324 4056 1612 4126 oporteat
1656 4062 2045 4146 cognoscere
2065 4094 2090 4133 ,
2177 4067 2364 4132 quam
2426 4069 2542 4121 nu.

2414 4182 2542 4236 me-
