2792 5167
1533 474 1874 553 -34-

774 657 970 740 cipies
1020 654 1262 724 civitati
1305 651 1654 737 prodesse!
1696 653 1826 724 Hic
1866 671 2015 718 curn
2064 652 2310 721 Glauco
2352 669 2631 737 taceret,

777 778 1014 858 quippe
1072 771 1474 839 considerans
1495 816 1522 852 ,
1606 769 1772 837 unde
1837 768 2238 851 potissimum
2292 771 2580 854 inciperet
2606 818 2639 854 ,

779 908 1043 970 nonne,
1085 887 1172 954 ait
1217 885 1552 966 Socrates,
1595 883 1855 969 perinde
1911 905 2020 964 ac,
2064 906 2259 969 quum
2312 889 2492 954 amici
2526 891 2641 955 do-

783 1007 954 1074 muin
1009 1005 1108 1072 vis
1159 1001 1574 1088 amplificare,
1659 1000 2129 1084 locupletiorem
2188 1020 2319 1068 eam
2384 1003 2645 1071 reddere

786 1123 1002 1212 niteris
1022 1169 1047 1203 ‚
1085 1122 1168 1188 ita
1203 1135 1268 1188 et
1307 1118 1625 1187 civitatem
1657 1117 1981 1184 conaberis
2023 1118 2479 1202 opulentiorem
2504 1121 2651 1187 red·

782 1213 976 1306 dere?
1016 1276 1105 1293 ·—·
1145 1237 1471 1319 Omnino,
1515 1234 1744 1319 inquit.
1787 1270 1879 1291 ·-
1916 1235 2213 1302 Fueritne
2248 1235 2442 1320 igitur
2476 1254 2650 1320 opu-

779 1355 1007 1420 lentior
1029 1401 1053 1436 ,
1097 1353 1154 1422 si
1202 1368 1553 1438 proventus
1616 1352 1675 1420 ei
1729 1353 2076 1435 complures
2125 1352 2417 1418 accedant
2439 1354 2475 1420 2
2545 1388 2651 1409 --

782 1473 1295 1539 Consentaneum
1346 1486 1491 1554 est,
1533 1470 1645 1536 ait.
1691 1503 1785 1523 -·
1823 1467 1945 1534 Dic
1987 1468 2175 1552 igitur
2198 1515 2223 1550 ,
2265 1469 2507 1552 quibus
2562 1489 2654 1537 ex

785 1588 975 1656 rebus
1033 1588 1252 1655 civitas
1301 1587 1453 1653 haec
1488 1583 1837 1688 proventus
1888 1584 2109 1650 habeat
2163 1599 2225 1651 et
2290 1585 2517 1666 quanti
2557 1585 2656 1652 illi

786 1706 958 1772 sinte
999 1724 1138 1771 narn
1195 1707 1449 1787 planum
1506 1716 1646 1783 est,
1690 1702 1839 1768 haec
1896 1716 1963 1767 te
2004 1700 2475 1783 considerasse,
2521 1718 2649 1789 ut,

785 1820 838 1883 si
908 1819 1158 1900 quidam
1212 1819 1277 1882 in
1328 1818 1409 1882 iis
1469 1817 1685 1901 exigui
1747 1819 1920 1898 sint,
1964 1837 2078 1884 eos
2136 1831 2206 1882 tu
2257 1818 2546 1902 expleas3
2590 1822 2653 1887 si

782 1933 1032 2015 quidem
1070 1946 1273 1998 autem
1308 1931 1719 2018 amittantur,
1764 1950 1877 1998 eos
1923 1952 2143 1998 rursus
2179 1952 2532 2018 compares.
2554 1971 2655 1990 -

783 2051 929 2134 Ego
980 2066 1131 2115 vero
1156 2096 1183 2130 ‚
1242 2050 1332 2113 ait
1386 2046 1634 2114 Glauco
1656 2094 1682 2128 ‚
1763 2064 2085 2129 nunquam
2146 2048 2435 2132 profecto
2496 2052 2650 2118 haec

789 2165 1203 2234 consideravi.
1245 2200 1341 2219 -
1378 2163 1631 2249 Quodsi
1683 2165 1838 2262 haec
1879 2165 2261 2249 neglexisti,
2313 2169 2400 2234 ait
2436 2168 2659 2234 Socra-

790 2297 887 2350 tes
913 2329 937 2362 ,
979 2284 1197 2348 saltem
1252 2294 1498 2347 sumtus
1554 2280 1828 2348 civitatis
1880 2282 2068 2349 nobis
2129 2302 2399 2367 expone.
2485 2286 2655 2352 Nam

785 2413 1024 2464 certum
1067 2411 1214 2479 est,
1277 2411 1566 2480 reputare
1609 2412 1673 2464 te
1724 2379 1981 2480 animo,
2026 2413 2098 2463 ut
2153 2418 2658 2484 supervacaneos

741 2510 754 2524 '
787 2516 1133 2580 tollas.·-
1171 2511 1278 2580 Ne
1316 2515 1439 2581 hos
1489 2514 1724 2598 etiam,
1788 2495 1905 2602 per
1940 2518 2154 2584 Iovem
2179 2565 2203 2599 ‚
2260 2517 2512 2601 inquit,
2556 2533 2659 2584 at-

785 2632 984 2698 tendi.
1053 2665 1148 2686 --
1205 2617 1385 2717 Ergo
1435 2632 1526 2699 ait
1548 2680 1575 2714 ‚
1618 2632 1976 2701 differamus
2035 2635 2417 2718 aliquantum
2468 2635 2664 2702 ratio-

789 2768 936 2816 nem
981 2748 1454 2834 locupletandae
1504 2747 1808 2816 civitatis.
1897 2751 2062 2817 Nam
2109 2751 2219 2833 qui
2283 2752 2490 2835 possit
2542 2752 2670 2821 fie-

792 2869 888 2947 ri,
934 2882 1004 2931 ut
1057 2868 1272 2932 harum
1325 2882 1534 2931 rerum
1573 2885 1786 2933 curam
1822 2868 2044 2959 habeat
2091 2868 2144 2935 is
2170 2916 2196 2952 ‚
2240 2868 2355 2953 qui
2390 2883 2455 2936 et
2486 2888 2669 2937 surn-

794 2995 900 3047 tus
955 2993 1020 3046 et
1074 2992 1424 3063 proventus
1494 2979 1740 3064 ignorat
1765 2982 1866 3047 ?”
1907 2984 1973 3028 <¹2

878 3098 1050 3164 Haec
1113 3096 1387 3163 Socratis
1442 3093 1567 3162 fuit
1618 3095 1827 3161 nativa
1885 3094 2243 3175 dialectica,
2290 3114 2416 3177 qua
2451 3096 2673 3166 effice·

794 3236 860 3284 re
918 3214 1209 3281 studebat
1236 3261 1261 3296 ,
1326 3227 1401 3279 ut
1452 3225 1779 3279 revocatus
1828 3212 1972 3294 quis
2033 3232 2068 3278 a
2132 3210 2311 3278 vanis
2364 3212 2678 3285 consiliis

792 3331 1312 3418 propositisque,
1355 3330 1591 3413 quibus
1643 3343 1808 3395 esset
1850 3330 2045 3412 impar
2066 3377 2092 3412 ‚
2146 3329 2388 3396 videret
2410 3377 2437 3411 ‚
2502 3333 2679 3413 quid

799 3452 1045 3518 deesset
1104 3448 1227 3514 sibi
1265 3465 1381 3513 nec
1426 3446 1780 3531 susciperet
1834 3447 2063 3532 majora
2103 3446 2206 3512 illa
2263 3460 2329 3512 et
2390 3451 2673 3531 praech-

800 3590 868 3636 η
887 3616 912 3649 ,
996 3579 1322 3647 antequam
1383 3583 1457 3630 se
1515 3565 1723 3647 ipsum
1781 3563 1858 3630 iis
1915 3563 2314 3648 perficiendis
2372 3564 2671 3635 idoneum

797 3686 1189 3752 reddidisset.
1296 3680 1452 3747 Erat
1512 3696 1723 3748 autem
1787 3682 1941 3749 haec
2011 3681 2415 3766 colloquendi
2470 3681 2676 3750 disse-

800 3801 1108 3882 rendique
1164 3799 1323 3867 ratio
1379 3796 1458 3863 ad
1496 3802 1689 3882 τυφὸν
1748 3815 1882 3862 non
1927 3813 2171 3866 tantum
2207 3796 2621 3868 coercendum
2642 3846 2670 3880 ,

2560 3931 2668 3982 re.

877 4048 961 4120 (ι)
1003 4045 1254 4118 xenoph.
1287 4048 1455 4105 mm.
1491 4048 1608 4105 111.
1637 4050 1692 4106 s.
1727 4054 1784 4122 §-
1819 4048 1946 4104 as.
2056 4069 2065 4082 =
