2792 5167
1021 478 1357 525 ——21—

235 656 626 728 παφα-ιτ,
679 657 747 710 et
783 640 980 727 magis
1017 641 1200 708 etiam
1233 640 1590 726 dysenteria
1621 639 1949 719 laborans,
1994 637 2131 705 Co·-

247 758 478 826 rintho
549 760 833 828 Athenas
899 759 1433 825 transveheretur.
1561 756 1687 822 Hic
1759 755 2075 838 Terpsion
2102 772 2147 819 :-

259 876 701 963 Quem'vero,
743 876 945 959 inquit
968 924 994 958 ,
1036 876 1245 943 virum
1303 876 1371 942 in
1412 873 1638 940 mortis
1672 872 1946 955 periculo
1982 888 2143 936 ver-1

263 993 389 1060 sari
439 993 638 1060 dieis!
704 995 1012 1065 καλόν-τε
1067 996 1169 1064 καὶ
1206 998 1497 1077 ἀγαθὸν,
1543 1011 1587 1058 ο
1632 988 1987 1072 Terpsion,
2028 1008 2143 1055 re·-

259 1111 441 1194 ponit
499 1112 845 1194 Euclides3
918 1125 986 1177 et
1027 1129 1184 1177 sane
1235 1111 1568 1176 comitatus
1621 1126 1771 1176 eum
1835 1122 2147 1190 prosecu--

257 1241 488 1310 tusque
542 1229 620 1295 ad
667 1230 982 1296 Erineum
1024 1229 1090 1273 <¹³
1131 1245 1382 1308 usque,
1453 1246 1595 1292 eum
1644 1226 1776 1290 huc
1819 1222 2082 1289 redirem
2108 1269 2133 1304 ‚

248 1344 317 1411 in
353 1358 632 1412 mentem
674 1345 838 1411 mihi
881 1344 1160 1410 Socratis
1204 1343 1381 1409 venit
1403 1389 1427 1424 ,
1470 1342 1929 1423 admiratusque
1949 1358 2088 1406 sum
2108 1386 2134 1420 ,

255 1480 458 1543 quam
496 1478 650 1527 vere
686 1460 796 1527 ille
834 1472 899 1526 et
941 1460 1021 1526 de
1059 1459 1193 1525 aliis
1231 1459 1379 1525 alias
1432 1475 1500 1525 et
1553 1458 1631 1525 de
1671 1459 1793 1524 hoe
1851 1454 2129 1541 inpn‘mis

256 1574 643 1643 vaticinatus
717 1576 828 1644 sit.
939 1577 1212 1644 Videtur·
1274 1576 1436 1644 enim
1517 1575 1669 1642 mihi
1718 1576 1942 1660 paucis
1995 1587 2143 1640 ante

260 1708 531 1761 mortem
572 1694 797 1762 diebus
841 1693 980 1776 illi,
1023 1695 1488 1762 adolescentulo
1538 1693 1719 1761 e'tiam
1779 1708 1970 1776 tunc,
2015 1691 2131 1757 ob-

257 1811 426 1878 viam
466 1808 719 1894 factus,
760 1831 905 1879 cum
949 1811 1180 1880 fuisset
1235 1833 1378 1879 cum
1438 1831 1516 1879 eo
1555 1813 1952 1906 collocutuS,
1996 1831 2143 1894 per·

264 1948 450 2013 quun
512 1930 650 2014 ejus
703 1929 978 1997 indolem
1053 1931 1390 1996 admiratus
1451 1948 1632 1997 esse:
1714 1928 1868 1995 mihi
1929 1942 2136 1995 autem

265 2047 549 2113 Athenas
621 2047 898 2115 venienti
951 2049 1097 2115 bum
1165 2066 1488 2115 sermones
1552 2047 1895 2129 enan-avit,
1967 2021 2132 2130 quos

271 2181 413 2228 tum
452 2182 529 2230 eo
558 2163 892 2247 habuerat,
934 2165 1161 2252 dignos
1218 2168 1444 2234 auditu
1504 2186 1694 2252 sane,
1751 2180 1893 2233 tum
1958 2166 2139 2233 addi·

267 2280 398 2363 dit,
455 2295 866 2366 praestantem
928 2283 1096 2348 hunc
1156 2284 1367 2350 virum
1387 2331 1414 2364 ,
1458 2285 1514 2348 si
1556 2283 1949 2363 adoleverit,
1995 2283 2132 2350 sine

265 2399 462 2466 dubio
515 2399 829 2463 futurum.
877 2400 939 2443 (ἢ
1018 2399 1193 2463 Haec
1269 2399 1337 2462 in
1393 2398 1697 2478 exordi03
1770 2399 1882 2465 sed
1952 2398 2139 2463 nobis

268 2514 479 2598 qualis
539 2513 643 2579 illa
707 2526 909 2581 aetate
970 2512 1360 2580 Theaetetus
1418 2511 1649 2595 fuerit,
1717 2534 1796 2582 ex
1840 2515 1940 2581 his
1981 2514 2141 2600 ipsis

270 2629 581 2709 maxime,
624 2647 794 2710 quos
835 2629 1142 2726 Euclides
1180 2645 1486 2694 memorat
1505 2677 1530 2708 ,
1574 2631 1966 2697 sermonibus
1985 2680 2010 2713 ,
2054 2635 2148 2699 in-

273 2745 572 2829 telligere
613 2744 786 2808 licet.
871 2742 1037 2809 Nam
1088 2745 1314 2810 horum
1339 2743 1518 2813 ‚facta
1568 2747 1924 2831 mentione,
1975 2765 2150 2836 rogat

268 2880 420 2932 eum
496 2858 862 2944 Terpsion,
930 2876 1002 2927 ut
1062 2879 1274 2929 secum
1335 2881 1447 2930 eos
1511 2865 1972 2934 communicet:
2048 2868 2149 2938 isse

266 2998 422 3049 vero
483 2979 551 3046 id
611 2976 799 3047 facile
840 2977 1039 3045 amico
1100 2979 1455 3064 recipiens,
1537 2996 1875 3067 postquam
1956 2988 2143 3053 ambo

263 3115 644 3185 opportuno
688 3099 834 3163 loco
892 3097 1339 3179 consederant,
1387 3118 1578 3166 servo
1628 3101 1853 3170 librum
1898 3105 2138 3187 tradit,

267 3234 400 3299 quo
439 3233 556 3283 eos
601 3212 1269 3324 ipse-‘conscripserat
1312 3217 1462 3281 olim
1489 3264 1513 3298 ,
1558 3231 1624 3283 et
1673 3213 1880 3303 legere
1931 3221 2141 3304 jubet.

271 3333 488 3400 Habiti
548 3347 758 3400 autem
823 3353 860 3398 a
911 3332 1175 3399 Socrate
1228 3330 1480 3398 fuerant
1540 3353 1685 3415 oum
1746 3334 2100 3400 Theodoro
2125 3381 2150 3415 ,

286 3448 636 3531 Cyrenaico
670 3463 735 3513 et
773 3447 1044 3531 primum
1108 3449 1359 3533 quidem
1420 3450 1502 3515 de
1554 3448 1906 3515 Theaeteto
1931 3495 1956 3530 ,
2016 3463 2153 3515 tum

277 3563 582 3643 absente,
625 3582 778 3629 mox
816 3575 984 3631 vero·
1013 3565 1551 3650 ipse-accesserat
1591 3566 1982 3632 adolescens.
2070 3566 2161 3635 Et

267 3680 376 3748 sic
442 3676 698 3760 quidem
752 3697 1008 3748 exorsus
1062 3685 1356 3750 Socrates
1418 3682 1649 3751 fue'rat.
1748 3730 1792 3765 ,‚
1834 3652 1903 3750 'Si
1956 3685 2159 3771 Cyre·

267 3798 416 3868 naei
463 3811 627 3881 prae
663 3797 916 3863 caeteris
948 3800 1095 3867 mihi
1141 3819 1331 3867 curae
1385 3816 1639 3883 essent,
1687 3821 1729 3867 o
1773 3799 2152 3888 Theodore,

2077 3923 2156 3988 de

368 4038 453 4108 (3)
496 4035 650 4092 Loci
703 4029 761 4083 5¹²
809 4035 992 4100 Attica
1040 4051 1268 4120 nomen),
1317 4043 1378 4091 ut
1420 4054 1453 4091 ο
1485 4037 1741 4098 Pausania
1775 4039 1956 4095 effecit.
1986 4037 2169 4096 Heiu—

265 4131 414 4190 dorl'.
446 4135 519 4190 nd
551 4137 614 4193 h.
648 4135 694 4190 1.
844 4135 929 4207 (2)
965 4132 1190 4204 Theot-
1225 4136 1324 4195 142
1359 4135 1428 4193 C.
