<?xml version="1.0" encoding="UTF-8"?>
<!DOCTYPE html PUBLIC "-//W3C//DTD XHTML 1.0 Transitional//EN"
    "http://www.w3.org/TR/xhtml1/DTD/xhtml1-transitional.dtd">
<html xmlns="http://www.w3.org/1999/xhtml" xml:lang="en" lang="en">
 <head>
  <title>
</title>
<meta http-equiv="Content-Type" content="text/html;charset=utf-8" />
  <meta name='ocr-system' content='tesseract 3.04.00' />
  <meta name='ocr-capabilities' content='ocr_page ocr_carea ocr_par ocr_line ocrx_word'/>
</head>
<body>
  <div class='ocr_page' id='page_1' title='image "./initiaphilosoph05heusgoog_0718.png"; bbox 0 0 2792 5167; ppageno 0'>
   <div class='ocr_carea' id='block_1_1' title="bbox 1130 499 1481 579">
    <p class='ocr_par' dir='ltr' id='par_1_1' title="bbox 1130 499 1481 579">
     <span class='ocr_line' id='line_1_1' title="bbox 1130 499 1481 579; baseline 0.006 -32"><span class='ocrx_word' id='word_1_1' title='bbox 1130 499 1481 579; x_wconf 54' lang='lat' dir='ltr'><strong>...tay-.-</strong></span> 
     </span>
    </p>
   </div>
   <div class='ocr_carea' id='block_1_2' title="bbox 525 787 2027 1117">
    <p class='ocr_par' dir='ltr' id='par_1_2' title="bbox 525 787 2027 1117">
     <span class='ocr_line' id='line_1_2' title="bbox 848 787 1703 887; baseline -0.002 -24"><span class='ocrx_word' id='word_1_2' title='bbox 848 787 979 863; x_wconf 75' lang='lat' dir='ltr'><strong>·D‘e</strong></span> <span class='ocrx_word' id='word_1_3' title='bbox 1048 794 1703 887; x_wconf 63' lang='lat' dir='ltr'><strong>diroipltn&#39;aerum</strong></span> 
     </span>
     <span class='ocr_line' id='line_1_3' title="bbox 525 916 2027 1002; baseline 0.005 -23"><span class='ocrx_word' id='word_1_4' title='bbox 525 916 615 982; x_wconf 67' lang='lat' dir='ltr'><strong>in</strong></span> <span class='ocrx_word' id='word_1_5' title='bbox 677 916 1100 997; x_wconf 62' lang='lat' dir='ltr'><strong>civitate,</strong></span> <span class='ocrx_word' id='word_1_6' title='bbox 1184 923 1275 980; x_wconf 75' lang='lat' dir='ltr'><strong>‘ut</strong></span> <span class='ocrx_word' id='word_1_7' title='bbox 1336 929 1572 981; x_wconf 74' lang='lat' dir='ltr'><strong>recte</strong></span> <span class='ocrx_word' id='word_1_8' title='bbox 1612 929 2027 1002; x_wconf 60' lang='lat' dir='ltr'><strong>regatur,</strong></span> 
     </span>
     <span class='ocr_line' id='line_1_4' title="bbox 837 1029 1705 1117; baseline -0.002 -18"><span class='ocrx_word' id='word_1_9' title='bbox 837 1031 920 1099; x_wconf 70' lang='grc' dir='ltr'><strong><em>νί</em></strong></span> <span class='ocrx_word' id='word_1_10' title='bbox 978 1045 1057 1097; x_wconf 75' lang='lat' dir='ltr'><strong>et</strong></span> <span class='ocrx_word' id='word_1_11' title='bbox 1115 1029 1705 1117; x_wconf 57' lang='lat' dir='ltr'><strong>efficacitate.</strong></span> 
     </span>
    </p>
   </div>
   <div class='ocr_carea' id='block_1_3' title="bbox 289 1259 2320 4254">
    <p class='ocr_par' dir='ltr' id='par_1_3' title="bbox 289 1259 2320 4254">
     <span class='ocr_line' id='line_1_5' title="bbox 411 1259 2210 1351; baseline 0.007 -21"><span class='ocrx_word' id='word_1_12' title='bbox 411 1259 607 1351; x_wconf 82' lang='lat' dir='ltr'><strong>Quod</strong></span> <span class='ocrx_word' id='word_1_13' title='bbox 656 1263 849 1332; x_wconf 88' lang='lat' dir='ltr'><strong>modo</strong></span> <span class='ocrx_word' id='word_1_14' title='bbox 900 1261 1217 1346; x_wconf 65' lang='lat' dir='ltr'><strong>diximus,</strong></span> <span class='ocrx_word' id='word_1_15' title='bbox 1259 1264 1728 1350; x_wconf 72' lang='lat' dir='ltr'><strong>philosophiam</strong></span> <span class='ocrx_word' id='word_1_16' title='bbox 1788 1269 1921 1336; x_wconf 80' lang='lat' dir='ltr'><strong>veri</strong></span> <span class='ocrx_word' id='word_1_17' title='bbox 1982 1291 2021 1339; x_wconf 91' lang='lat' dir='ltr'><strong>a</strong></span> <span class='ocrx_word' id='word_1_18' title='bbox 2075 1273 2210 1341; x_wconf 78' lang='lat' dir='ltr'><strong>Pla-</strong></span> 
     </span>
     <span class='ocr_line' id='line_1_6' title="bbox 326 1379 2207 1464; baseline 0.006 -17"><span class='ocrx_word' id='word_1_19' title='bbox 326 1393 485 1448; x_wconf 85' lang='lat' dir='ltr'><strong>tone</strong></span> <span class='ocrx_word' id='word_1_20' title='bbox 545 1379 884 1449; x_wconf 73' lang='lat' dir='ltr'>adhibitam</span> <span class='ocrx_word' id='word_1_21' title='bbox 943 1399 1128 1464; x_wconf 84' lang='lat' dir='ltr'><strong>esse,</strong></span> <span class='ocrx_word' id='word_1_22' title='bbox 1213 1397 1348 1449; x_wconf 87' lang='lat' dir='ltr'><strong>non</strong></span> <span class='ocrx_word' id='word_1_23' title='bbox 1421 1384 1516 1450; x_wconf 89' lang='lat' dir='ltr'><strong>ad·</strong></span> <span class='ocrx_word' id='word_1_24' title='bbox 1558 1382 1786 1453; x_wconf 79' lang='lat' dir='ltr'><strong>inanes·</strong></span> <span class='ocrx_word' id='word_1_25' title='bbox 1833 1386 1900 1452; x_wconf 82' lang='lat' dir='ltr'><strong>in</strong></span> <span class='ocrx_word' id='word_1_26' title='bbox 1967 1389 2207 1459; x_wconf 88' lang='lat' dir='ltr'><strong>scholis</strong></span> 
     </span>
     <span class='ocr_line' id='line_1_7' title="bbox 322 1481 2211 1590; baseline 0.005 -25"><span class='ocrx_word' id='word_1_27' title='bbox 322 1481 833 1582; x_wconf 54' lang='lat' dir='ltr'><strong>§mestianculu</strong></span> <span class='ocrx_word' id='word_1_28' title='bbox 890 1501 1288 1583; x_wconf 87' lang='lat' dir='ltr'><strong>enodandas,</strong></span> <span class='ocrx_word' id='word_1_29' title='bbox 1369 1500 1482 1567; x_wconf 84' lang='lat' dir='ltr'><strong>sed</strong></span> <span class='ocrx_word' id='word_1_30' title='bbox 1541 1498 1691 1567; x_wconf 87' lang='lat' dir='ltr'><strong>illue</strong></span> <span class='ocrx_word' id='word_1_31' title='bbox 1755 1503 2211 1590; x_wconf 88' lang='lat' dir='ltr'><strong>potissimum,</strong></span> 
     </span>
     <span class='ocr_line' id='line_1_8' title="bbox 317 1617 2205 1707; baseline 0.004 -24"><span class='ocrx_word' id='word_1_32' title='bbox 317 1629 398 1683; x_wconf 85' lang='lat' dir='ltr'><strong>ut</strong></span> <span class='ocrx_word' id='word_1_33' title='bbox 454 1629 627 1683; x_wconf 86' lang='lat' dir='ltr'><strong>recte</strong></span> <span class='ocrx_word' id='word_1_34' title='bbox 685 1632 1051 1703; x_wconf 77' lang='lat' dir='ltr'><strong>regerentur</strong></span> <span class='ocrx_word' id='word_1_35' title='bbox 1102 1617 1437 1700; x_wconf 82' lang='lat' dir='ltr'><strong>civitates,</strong></span> <span class='ocrx_word' id='word_1_36' title='bbox 1524 1617 1589 1685; x_wconf 93' lang='lat' dir='ltr'><strong>id</strong></span> <span class='ocrx_word' id='word_1_37' title='bbox 1634 1638 1712 1686; x_wconf 78' lang='lat' dir='ltr'><strong>ex</strong></span> <span class='ocrx_word' id='word_1_38' title='bbox 1773 1622 1982 1689; x_wconf 68' lang='lat' dir='ltr'><strong>eadem</strong></span> <span class='ocrx_word' id='word_1_39' title='bbox 2052 1624 2205 1707; x_wconf 65' lang='lat' dir='ltr'><strong>ms,</strong></span> 
     </span>
     <span class='ocr_line' id='line_1_9' title="bbox 316 1734 2204 1824; baseline 0.004 -22"><span class='ocrx_word' id='word_1_40' title='bbox 316 1752 505 1819; x_wconf 85' lang='lat' dir='ltr'><strong>quam</strong></span> <span class='ocrx_word' id='word_1_41' title='bbox 549 1734 922 1803; x_wconf 74' lang='lat' dir='ltr'><strong>adduximus</strong></span> <span class='ocrx_word' id='word_1_42' title='bbox 938 1782 964 1816; x_wconf 90' lang='lat'><strong>,</strong></span> <span class='ocrx_word' id='word_1_43' title='bbox 1021 1734 1304 1803; x_wconf 81' lang='lat' dir='ltr'><strong>Socratis</strong></span> <span class='ocrx_word' id='word_1_44' title='bbox 1345 1734 1412 1801; x_wconf 88' lang='lat' dir='ltr'><strong>in</strong></span> <span class='ocrx_word' id='word_1_45' title='bbox 1474 1735 1717 1805; x_wconf 65' lang='lat' dir='ltr'><strong>Politia</strong></span> <span class='ocrx_word' id='word_1_46' title='bbox 1777 1737 2204 1824; x_wconf 81' lang='lat' dir='ltr'><strong>disputatione</strong></span> 
     </span>
     <span class='ocr_line' id='line_1_10' title="bbox 312 1849 2203 1935; baseline 0.004 -17"><span class='ocrx_word' id='word_1_47' title='bbox 312 1849 557 1918; x_wconf 79' lang='lat' dir='ltr'><strong>efficere</strong></span> <span class='ocrx_word' id='word_1_48' title='bbox 611 1852 787 1919; x_wconf 85' lang='lat' dir='ltr'><strong>licet.</strong></span> <span class='ocrx_word' id='word_1_49' title='bbox 915 1851 1010 1920; x_wconf 83' lang='lat' dir='ltr'><strong>Et</strong></span> <span class='ocrx_word' id='word_1_50' title='bbox 1060 1870 1258 1934; x_wconf 80' lang='lat' dir='ltr'><strong>vere,</strong></span> <span class='ocrx_word' id='word_1_51' title='bbox 1322 1870 1486 1935; x_wconf 85' lang='lat' dir='ltr'><strong>quae</strong></span> <span class='ocrx_word' id='word_1_52' title='bbox 1538 1853 1792 1921; x_wconf 86' lang='lat' dir='ltr'><strong>disserit</strong></span> <span class='ocrx_word' id='word_1_53' title='bbox 1844 1855 1973 1923; x_wconf 84' lang='lat' dir='ltr'><strong>illic</strong></span> <span class='ocrx_word' id='word_1_54' title='bbox 2026 1858 2203 1925; x_wconf 89' lang='lat' dir='ltr'><strong>dein·</strong></span> 
     </span>
     <span class='ocr_line' id='line_1_11' title="bbox 307 1967 2192 2053; baseline 0.004 -19"><span class='ocrx_word' id='word_1_55' title='bbox 307 1985 463 2051; x_wconf 86' lang='lat' dir='ltr'><strong>ceps</strong></span> <span class='ocrx_word' id='word_1_56' title='bbox 518 1967 599 2034; x_wconf 88' lang='lat' dir='ltr'><strong>de</strong></span> <span class='ocrx_word' id='word_1_57' title='bbox 655 1967 1097 2053; x_wconf 66' lang='lat' dir='ltr'>philosophiae</span> <span class='ocrx_word' id='word_1_58' title='bbox 1156 1969 1594 2036; x_wconf 77' lang='lat' dir='ltr'><strong>instrumentis</strong></span> <span class='ocrx_word' id='word_1_59' title='bbox 1657 1973 1735 2038; x_wconf 85' lang='lat' dir='ltr'><strong>ad</strong></span> <span class='ocrx_word' id='word_1_60' title='bbox 1793 1972 2192 2042; x_wconf 87' lang='lat' dir='ltr'><strong>erudiendum</strong></span> 
     </span>
     <span class='ocr_line' id='line_1_12' title="bbox 308 2083 2197 2170; baseline 0.004 -19"><span class='ocrx_word' id='word_1_61' title='bbox 308 2083 674 2168; x_wconf 82' lang='lat' dir='ltr'><strong>hominem,</strong></span> <span class='ocrx_word' id='word_1_62' title='bbox 716 2084 765 2152; x_wconf 90' lang='lat' dir='ltr'><strong>i.</strong></span> <span class='ocrx_word' id='word_1_63' title='bbox 787 2103 847 2151; x_wconf 88' lang='lat' dir='ltr'><strong>e.</strong></span> <span class='ocrx_word' id='word_1_64' title='bbox 884 2085 968 2152; x_wconf 80' lang='lat' dir='ltr'><strong>de</strong></span> <span class='ocrx_word' id='word_1_65' title='bbox 1005 2084 1357 2169; x_wconf 85' lang='lat' dir='ltr'><strong>disciplinis</strong></span> <span class='ocrx_word' id='word_1_66' title='bbox 1398 2086 1830 2170; x_wconf 79' lang='lat' dir='ltr'><strong>gravioribus,</strong></span> <span class='ocrx_word' id='word_1_67' title='bbox 1883 2089 1960 2156; x_wconf 92' lang='lat' dir='ltr'><strong>de</strong></span> <span class='ocrx_word' id='word_1_68' title='bbox 2002 2090 2197 2158; x_wconf 86' lang='lat' dir='ltr'><strong>arith-</strong></span> 
     </span>
     <span class='ocr_line' id='line_1_13' title="bbox 310 2200 2194 2291; baseline 0.002 -23"><span class='ocrx_word' id='word_1_69' title='bbox 310 2200 588 2282; x_wconf 68' lang='lat' dir='ltr'><strong>metica,</strong></span> <span class='ocrx_word' id='word_1_70' title='bbox 644 2200 979 2285; x_wconf 65' lang='lat' dir='ltr'><strong>geometria</strong></span> <span class='ocrx_word' id='word_1_71' title='bbox 1004 2248 1051 2283; x_wconf 66' lang='grc'><strong>,,</strong></span> <span class='ocrx_word' id='word_1_72' title='bbox 1085 2201 1511 2283; x_wconf 68' lang='lat' dir='ltr'><strong>astronomia,</strong></span> <span class='ocrx_word' id='word_1_73' title='bbox 1570 2200 1938 2286; x_wconf 77' lang='lat' dir='ltr'><strong>harmonia,</strong></span> <span class='ocrx_word' id='word_1_74' title='bbox 1998 2207 2194 2291; x_wconf 87' lang='lat' dir='ltr'><strong>inpri-</strong></span> 
     </span>
     <span class='ocr_line' id='line_1_14' title="bbox 310 2316 2189 2403; baseline 0.001 -17"><span class='ocrx_word' id='word_1_75' title='bbox 310 2316 562 2402; x_wconf 87' lang='lat' dir='ltr'><strong>misque</strong></span> <span class='ocrx_word' id='word_1_76' title='bbox 599 2319 681 2386; x_wconf 85' lang='lat' dir='ltr'><strong>de</strong></span> <span class='ocrx_word' id='word_1_77' title='bbox 725 2317 1084 2400; x_wconf 75' lang='lat' dir='ltr'><strong>dialectica,</strong></span> <span class='ocrx_word' id='word_1_78' title='bbox 1153 2337 1442 2403; x_wconf 83' lang='lat' dir='ltr'><strong>quaeque</strong></span> <span class='ocrx_word' id='word_1_79' title='bbox 1491 2333 1614 2394; x_wconf 79' lang='lat' dir='ltr'><strong>nos</strong></span> <span class='ocrx_word' id='word_1_80' title='bbox 1675 2337 1868 2403; x_wconf 86' lang='lat' dir='ltr'><strong>supra</strong></span> <span class='ocrx_word' id='word_1_81' title='bbox 1926 2318 1993 2386; x_wconf 92' lang='lat' dir='ltr'><strong>in</strong></span> <span class='ocrx_word' id='word_1_82' title='bbox 2058 2323 2189 2389; x_wconf 85' lang='lat' dir='ltr'><strong>veri</strong></span> 
     </span>
     <span class='ocr_line' id='line_1_15' title="bbox 306 2434 2189 2521; baseline 0 -16"><span class='ocrx_word' id='word_1_83' title='bbox 306 2436 605 2505; x_wconf 66' lang='lat' dir='ltr'><strong>tradenda</strong></span> <span class='ocrx_word' id='word_1_84' title='bbox 644 2436 1053 2521; x_wconf 66' lang='lat' dir='ltr'><strong>philosophia</strong></span> <span class='ocrx_word' id='word_1_85' title='bbox 1104 2437 1564 2521; x_wconf 79' lang='lat' dir='ltr'><strong>explicuimus,</strong></span> <span class='ocrx_word' id='word_1_86' title='bbox 1627 2435 1776 2501; x_wconf 83' lang='lat' dir='ltr'><strong>haec</strong></span> <span class='ocrx_word' id='word_1_87' title='bbox 1841 2434 2049 2504; x_wconf 76' lang='lat' dir='ltr'><strong>omnIa</strong></span> <span class='ocrx_word' id='word_1_88' title='bbox 2108 2439 2189 2505; x_wconf 83' lang='lat' dir='ltr'><strong>ad</strong></span> 
     </span>
     <span class='ocr_line' id='line_1_16' title="bbox 300 2549 2187 2637; baseline -0.001 -16"><span class='ocrx_word' id='word_1_89' title='bbox 300 2550 561 2622; x_wconf 77' lang='lat' dir='ltr'><strong>futuros</strong></span> <span class='ocrx_word' id='word_1_90' title='bbox 596 2549 755 2622; x_wconf 81' lang='lat' dir='ltr'><strong>&#39;illos</strong></span> <span class='ocrx_word' id='word_1_91' title='bbox 808 2553 1080 2621; x_wconf 76' lang='lat' dir='ltr'><strong>civitatis</strong></span> <span class='ocrx_word' id='word_1_92' title='bbox 1134 2554 1592 2637; x_wconf 72' lang='lat' dir='ltr'><strong>gubernatores</strong></span> <span class='ocrx_word' id='word_1_93' title='bbox 1650 2550 2027 2619; x_wconf 86' lang='lat' dir='ltr'><strong>erudiendos</strong></span> <span class='ocrx_word' id='word_1_94' title='bbox 2091 2553 2187 2621; x_wconf 90' lang='lat' dir='ltr'><strong>in·</strong></span> 
     </span>
     <span class='ocr_line' id='line_1_17' title="bbox 296 2668 2184 2756; baseline 0 -18"><span class='ocrx_word' id='word_1_95' title='bbox 296 2668 794 2756; x_wconf 72' lang='lat' dir='ltr'><strong>formandosque</strong></span> <span class='ocrx_word' id='word_1_96' title='bbox 831 2669 1107 2738; x_wconf 83' lang='lat' dir='ltr'><strong>confert.</strong></span> <span class='ocrx_word' id='word_1_97' title='bbox 1216 2672 1354 2737; x_wconf 84' lang='lat' dir='ltr'><strong>Nec</strong></span> <span class='ocrx_word' id='word_1_98' title='bbox 1401 2687 1552 2737; x_wconf 86' lang='lat' dir='ltr'><strong>sane</strong></span> <span class='ocrx_word' id='word_1_99' title='bbox 1582 2669 1833 2736; x_wconf 87' lang='lat' dir='ltr'><strong>mirum.</strong></span> <span class='ocrx_word' id='word_1_100' title='bbox 1965 2671 2184 2738; x_wconf 81' lang='lat' dir='ltr'><strong>Inesse</strong></span> 
     </span>
     <span class='ocr_line' id='line_1_18' title="bbox 298 2785 2185 2878; baseline -0.002 -20"><span class='ocrx_word' id='word_1_101' title='bbox 298 2790 540 2859; x_wconf 81' lang='lat' dir='ltr'><strong>scilicet</strong></span> <span class='ocrx_word' id='word_1_102' title='bbox 590 2786 943 2873; x_wconf 86' lang='lat' dir='ltr'><strong>disciplinis</strong></span> <span class='ocrx_word' id='word_1_103' title='bbox 998 2788 1159 2854; x_wconf 82' lang='lat' dir='ltr'><strong>hanc</strong></span> <span class='ocrx_word' id='word_1_104' title='bbox 1213 2786 1342 2854; x_wconf 81' lang='lat' dir='ltr'><strong>vim</strong></span> <span class='ocrx_word' id='word_1_105' title='bbox 1402 2785 1794 2853; x_wconf 77' lang='lat' dir='ltr'><strong>existimabat</strong></span> <span class='ocrx_word' id='word_1_106' title='bbox 1845 2785 2065 2878; x_wconf 73' lang='lat' dir='ltr'><strong>Plato,</strong></span> <span class='ocrx_word' id='word_1_107' title='bbox 2113 2804 2185 2854; x_wconf 86' lang='lat' dir='ltr'><strong>ut</strong></span> 
     </span>
     <span class='ocr_line' id='line_1_19' title="bbox 298 2903 2177 2991; baseline -0.002 -17"><span class='ocrx_word' id='word_1_108' title='bbox 298 2923 461 2991; x_wconf 83' lang='lat' dir='ltr'><strong>quae</strong></span> <span class='ocrx_word' id='word_1_109' title='bbox 513 2907 808 2974; x_wconf 78' lang='lat' dir='ltr'><strong>deorsum</strong></span> <span class='ocrx_word' id='word_1_110' title='bbox 866 2906 1036 2988; x_wconf 85' lang='lat' dir='ltr'><strong>apud</strong></span> <span class='ocrx_word' id='word_1_111' title='bbox 1087 2921 1202 2970; x_wconf 88' lang='lat' dir='ltr'><strong>eos</strong></span> <span class='ocrx_word' id='word_1_112' title='bbox 1255 2917 1653 2988; x_wconf 78' lang='lat' dir='ltr'><strong>spectarent,</strong></span> <span class='ocrx_word' id='word_1_113' title='bbox 1707 2903 1869 2973; x_wconf 75' lang='lat' dir='ltr'><strong>haec</strong></span> <span class='ocrx_word' id='word_1_114' title='bbox 1925 2909 2177 2973; x_wconf 81' lang='lat' dir='ltr'><strong>sursum</strong></span> 
     </span>
     <span class='ocr_line' id='line_1_20' title="bbox 296 3019 2186 3106; baseline -0.001 -14"><span class='ocrx_word' id='word_1_115' title='bbox 296 3021 652 3092; x_wconf 77' lang='lat' dir='ltr'><strong>attollerent</strong></span> <span class='ocrx_word' id='word_1_116' title='bbox 691 3037 882 3106; x_wconf 81' lang='lat' dir='ltr'><strong>atque</strong></span> <span class='ocrx_word' id='word_1_117' title='bbox 935 3022 1014 3087; x_wconf 91' lang='lat' dir='ltr'><strong>ad</strong></span> <span class='ocrx_word' id='word_1_118' title='bbox 1071 3019 1242 3104; x_wconf 86' lang='lat' dir='ltr'><strong>ipsas</strong></span> <span class='ocrx_word' id='word_1_119' title='bbox 1296 3021 1510 3104; x_wconf 83' lang='lat' dir='ltr'><strong>ideas,</strong></span> <span class='ocrx_word' id='word_1_120' title='bbox 1545 3022 1650 3088; x_wconf 75' lang='lat' dir='ltr'><strong>‘ad</strong></span> <span class='ocrx_word' id='word_1_121' title='bbox 1703 3022 1988 3106; x_wconf 83' lang='lat' dir='ltr'><strong>pulcrum</strong></span> <span class='ocrx_word' id='word_1_122' title='bbox 2009 3070 2035 3104; x_wconf 91' lang='lat'>‚</span> <span class='ocrx_word' id='word_1_123' title='bbox 2101 3024 2186 3090; x_wconf 83' lang='lat' dir='ltr'><strong>ad</strong></span> 
     </span>
     <span class='ocr_line' id='line_1_21' title="bbox 302 3137 2184 3225; baseline -0.002 -16"><span class='ocrx_word' id='word_1_124' title='bbox 302 3140 542 3209; x_wconf 80' lang='lat' dir='ltr'><strong>bonum</strong></span> <span class='ocrx_word' id='word_1_125' title='bbox 570 3186 598 3223; x_wconf 88' lang='lat'><strong>,</strong></span> <span class='ocrx_word' id='word_1_126' title='bbox 639 3141 719 3207; x_wconf 84' lang='lat' dir='ltr'><strong>ad</strong></span> <span class='ocrx_word' id='word_1_127' title='bbox 759 3141 1003 3225; x_wconf 82' lang='lat' dir='ltr'><strong>justum</strong></span> <span class='ocrx_word' id='word_1_128' title='bbox 1049 3137 1461 3221; x_wconf 81' lang='lat' dir='ltr'><strong>divinumque</strong></span> <span class='ocrx_word' id='word_1_129' title='bbox 1504 3151 1940 3206; x_wconf 75' lang='lat' dir='ltr'><strong>converterent</strong></span> <span class='ocrx_word' id='word_1_130' title='bbox 1958 3186 1983 3220; x_wconf 89' lang='lat'><strong>,</strong></span> <span class='ocrx_word' id='word_1_131' title='bbox 2045 3157 2184 3223; x_wconf 87' lang='lat' dir='ltr'><strong>quo</strong></span> 
     </span>
     <span class='ocr_line' id='line_1_22' title="bbox 299 3255 2176 3342; baseline -0.001 -18"><span class='ocrx_word' id='word_1_132' title='bbox 299 3256 501 3342; x_wconf 78' lang='lat' dir='ltr'><strong>magis</strong></span> <span class='ocrx_word' id='word_1_133' title='bbox 551 3270 616 3323; x_wconf 83' lang='lat' dir='ltr'><strong>et</strong></span> <span class='ocrx_word' id='word_1_134' title='bbox 664 3256 791 3341; x_wconf 87' lang='lat' dir='ltr'><strong>ipsi</strong></span> <span class='ocrx_word' id='word_1_135' title='bbox 846 3273 994 3322; x_wconf 82' lang='lat' dir='ltr'><strong>vere</strong></span> <span class='ocrx_word' id='word_1_136' title='bbox 1040 3255 1388 3342; x_wconf 77' lang='lat' dir='ltr'><strong>judicarent</strong></span> <span class='ocrx_word' id='word_1_137' title='bbox 1451 3257 1530 3322; x_wconf 84' lang='lat' dir='ltr'><strong>de</strong></span> <span class='ocrx_word' id='word_1_138' title='bbox 1585 3257 1775 3323; x_wconf 83' lang='lat' dir='ltr'><strong>rebus</strong></span> <span class='ocrx_word' id='word_1_139' title='bbox 1831 3256 2127 3324; x_wconf 87' lang='lat' dir='ltr'><strong>omnibus</strong></span> <span class='ocrx_word' id='word_1_140' title='bbox 2151 3303 2176 3338; x_wconf 89' lang='lat'><strong>,</strong></span> 
     </span>
     <span class='ocr_line' id='line_1_23' title="bbox 301 3372 2173 3456; baseline -0.001 -15"><span class='ocrx_word' id='word_1_141' title='bbox 301 3388 371 3443; x_wconf 88' lang='lat' dir='ltr'><strong>et</strong></span> <span class='ocrx_word' id='word_1_142' title='bbox 404 3373 495 3440; x_wconf 75' lang='lat' dir='ltr'><strong>³in</strong></span> <span class='ocrx_word' id='word_1_143' title='bbox 552 3373 823 3440; x_wconf 81' lang='lat' dir='ltr'><strong>aliorum</strong></span> <span class='ocrx_word' id='word_1_144' title='bbox 888 3374 1290 3440; x_wconf 70' lang='lat' dir='ltr'><strong>commodum</strong></span> <span class='ocrx_word' id='word_1_145' title='bbox 1354 3372 1750 3454; x_wconf 76' lang='lat' dir='ltr'><strong>salutemque</strong></span> <span class='ocrx_word' id='word_1_146' title='bbox 1811 3374 2173 3456; x_wconf 79' lang='lat' dir='ltr'><strong>sapientiam</strong></span> 
     </span>
     <span class='ocr_line' id='line_1_24' title="bbox 298 3488 2174 3573; baseline -0.004 -10"><span class='ocrx_word' id='word_1_147' title='bbox 298 3507 479 3563; x_wconf 85' lang='lat' dir='ltr'><strong>suam</strong></span> <span class='ocrx_word' id='word_1_148' title='bbox 532 3489 917 3560; x_wconf 79' lang='lat' dir='ltr'><strong>conferrent.</strong></span> <span class='ocrx_word' id='word_1_149' title='bbox 1006 3491 1150 3555; x_wconf 76' lang='lat' dir='ltr'><strong>Hoc</strong></span> <span class='ocrx_word' id='word_1_150' title='bbox 1209 3490 1363 3556; x_wconf 82' lang='lat' dir='ltr'><strong>adeo</strong></span> <span class='ocrx_word' id='word_1_151' title='bbox 1430 3488 1771 3573; x_wconf 85' lang='lat' dir='ltr'><strong>proposito</strong></span> <span class='ocrx_word' id='word_1_152' title='bbox 1811 3490 1894 3555; x_wconf 88' lang='lat' dir='ltr'><strong>de</strong></span> <span class='ocrx_word' id='word_1_153' title='bbox 1937 3489 2174 3555; x_wconf 88' lang='lat' dir='ltr'><strong>mundo</strong></span> 
     </span>
     <span class='ocr_line' id='line_1_25' title="bbox 296 3603 2320 3701; baseline -0.005 -22"><span class='ocrx_word' id='word_1_154' title='bbox 296 3616 484 3701; x_wconf 68' lang='grc' dir='ltr'><strong><em>νοητῷ</em></strong></span> <span class='ocrx_word' id='word_1_155' title='bbox 518 3621 644 3678; x_wconf 81' lang='lat' dir='ltr'><strong>tam</strong></span> <span class='ocrx_word' id='word_1_156' title='bbox 678 3609 1010 3693; x_wconf 79' lang='lat' dir='ltr'><strong>diligenter</strong></span> <span class='ocrx_word' id='word_1_157' title='bbox 1037 3606 1195 3693; x_wconf 81' lang='lat' dir='ltr'><strong>egit.</strong></span> <span class='ocrx_word' id='word_1_158' title='bbox 1287 3603 1792 3690; x_wconf 83' lang='lat' dir='ltr'><strong>Metaphysicam</strong></span> <span class='ocrx_word' id='word_1_159' title='bbox 1831 3624 1962 3672; x_wconf 87' lang='lat' dir='ltr'><strong>non</strong></span> <span class='ocrx_word' id='word_1_160' title='bbox 1993 3623 2178 3691; x_wconf 88' lang='lat' dir='ltr'><strong>spec·</strong></span> <span class='ocrx_word' id='word_1_161' title='bbox 2309 3627 2320 3638; x_wconf 91' lang='lat'><strong>·</strong></span> 
     </span>
     <span class='ocr_line' id='line_1_26' title="bbox 293 3711 2177 3815; baseline -0.006 -15"><span class='ocrx_word' id='word_1_162' title='bbox 293 3731 513 3815; x_wconf 81' lang='lat' dir='ltr'><strong>tabat,</strong></span> <span class='ocrx_word' id='word_1_163' title='bbox 554 3729 692 3797; x_wconf 84' lang='lat' dir='ltr'><strong>sive</strong></span> <span class='ocrx_word' id='word_1_164' title='bbox 728 3731 841 3809; x_wconf 62' lang='lat' dir='ltr'><strong>riu</strong></span> <span class='ocrx_word' id='word_1_165' title='bbox 875 3727 1111 3813; x_wconf 69' lang='grc' dir='ltr'>πρωτὺν</span> <span class='ocrx_word' id='word_1_166' title='bbox 1152 3725 1320 3793; x_wconf 79' lang='lat' dir='ltr'><strong>illam</strong></span> <span class='ocrx_word' id='word_1_167' title='bbox 1340 3769 1365 3804; x_wconf 88' lang='lat'><strong>,</strong></span> <span class='ocrx_word' id='word_1_168' title='bbox 1413 3737 1602 3807; x_wconf 81' lang='lat' dir='ltr'><strong>quam</strong></span> <span class='ocrx_word' id='word_1_169' title='bbox 1641 3721 2021 3789; x_wconf 84' lang='lat' dir='ltr'><strong>Aristoteles</strong></span> <span class='ocrx_word' id='word_1_170' title='bbox 2059 3711 2177 3788; x_wconf 55' lang='lat' dir='ltr'><strong>vo:</strong></span> 
     </span>
     <span class='ocr_line' id='line_1_27' title="bbox 289 3839 2174 3935; baseline -0.007 -17"><span class='ocrx_word' id='word_1_171' title='bbox 289 3849 475 3918; x_wconf 70' lang='lat' dir='ltr'><strong>eabat</strong></span> <span class='ocrx_word' id='word_1_172' title='bbox 493 3896 520 3933; x_wconf 92' lang='lat'><strong>,</strong></span> <span class='ocrx_word' id='word_1_173' title='bbox 560 3848 951 3935; x_wconf 67' lang='grc' dir='ltr'><strong><em>φιλοσοφίαν.</em></strong></span> <span class='ocrx_word' id='word_1_174' title='bbox 1038 3841 1212 3910; x_wconf 83' lang='lat' dir='ltr'><strong>Haec</strong></span> <span class='ocrx_word' id='word_1_175' title='bbox 1266 3842 1345 3908; x_wconf 90' lang='lat' dir='ltr'><strong>de</strong></span> <span class='ocrx_word' id='word_1_176' title='bbox 1397 3841 1537 3926; x_wconf 76' lang='lat' dir='ltr'><strong>ipsa</strong></span> <span class='ocrx_word' id='word_1_177' title='bbox 1595 3839 1872 3907; x_wconf 82' lang='lat' dir='ltr'><strong>auctoris</strong></span> <span class='ocrx_word' id='word_1_178' title='bbox 1913 3855 2174 3906; x_wconf 80' lang='lat' dir='ltr'><strong>senten-</strong></span> 
     </span>
     <span class='ocr_line' id='line_1_28' title="bbox 290 3954 2173 4048; baseline -0.007 -14"><span class='ocrx_word' id='word_1_179' title='bbox 290 3967 431 4048; x_wconf 70' lang='lat' dir='ltr'><strong>tia,</strong></span> <span class='ocrx_word' id='word_1_180' title='bbox 471 3983 603 4031; x_wconf 89' lang='lat' dir='ltr'><strong>non</strong></span> <span class='ocrx_word' id='word_1_181' title='bbox 650 3961 926 4044; x_wconf 82' lang='lat' dir='ltr'><strong>negotiis</strong></span> <span class='ocrx_word' id='word_1_182' title='bbox 977 3957 1477 4028; x_wconf 80' lang='lat' dir='ltr'><strong>administrandis</strong></span> <span class='ocrx_word' id='word_1_183' title='bbox 1527 3958 1815 4025; x_wconf 81' lang='lat' dir='ltr'><strong>humanis</strong></span> <span class='ocrx_word' id='word_1_184' title='bbox 1873 3954 2173 4022; x_wconf 83' lang='lat' dir='ltr'><strong>inservie-</strong></span> 
     </span>
     <span class='ocr_line' id='line_1_29' title="bbox 295 4070 2174 4166; baseline -0.007 -15"><span class='ocrx_word' id='word_1_185' title='bbox 295 4085 451 4166; x_wconf 81' lang='lat' dir='ltr'><strong>bat,</strong></span> <span class='ocrx_word' id='word_1_186' title='bbox 494 4081 607 4148; x_wconf 87' lang='lat' dir='ltr'><strong>sed</strong></span> <span class='ocrx_word' id='word_1_187' title='bbox 650 4094 782 4146; x_wconf 81' lang='lat' dir='ltr'><strong>tota</strong></span> <span class='ocrx_word' id='word_1_188' title='bbox 825 4097 1027 4146; x_wconf 89' lang='lat' dir='ltr'><strong>rerum</strong></span> <span class='ocrx_word' id='word_1_189' title='bbox 1083 4074 1326 4146; x_wconf 83' lang='lat' dir='ltr'><strong>caussis</strong></span> <span class='ocrx_word' id='word_1_190' title='bbox 1371 4074 1813 4158; x_wconf 81' lang='lat' dir='ltr'><strong>exquirendis,</strong></span> <span class='ocrx_word' id='word_1_191' title='bbox 1858 4070 2174 4157; x_wconf 79' lang='lat' dir='ltr'><strong>explican-</strong></span> 
     </span>
     <span class='ocr_line' id='line_1_30' title="bbox 2047 4187 2174 4254; baseline -0.008 0"><span class='ocrx_word' id='word_1_192' title='bbox 2047 4187 2174 4254; x_wconf 75' lang='lat' dir='ltr'><strong>dis-</strong></span> 
     </span>
    </p>
   </div>
  </div>
 </body>
</html>
