2792 5167
1424 499 1819 546 -102—

690 659 979 743 legendi,
1046 661 1198 742 quid
1254 661 1370 727 tibi
1428 663 1715 743 tandem,
1759 661 2099 737 Socrates,
2162 656 2415 739 inquit,
2456 656 2535 721 de

689 776 813 847 hoc
880 793 1162 841 sermone
1216 776 1522 843 videtur?
1583 778 1815 843 Nonne
1885 773 2108 841 mirum
2163 772 2229 841 in
2288 774 2538 841 modum

683 891 934 974 placet?
998 891 1321 974 Obstupui
1386 896 1614 975 plane,
1679 892 2023 975 respondet
2072 891 2225 972 ine,
2278 900 2551 972 praeser-

688 982 808 1073 τέω
856 1027 1004 1074 vero
1059 1009 1158 1075 Te
1200 996 1597 1093 adspiciens.‘
1667 1010 1831 1077 Nam
1884 1007 2194 1077 videbaris
2255 1007 2411 1077 mihi
2461 1007 2555 1071 in·

689 1139 783 1189 ter
829 1126 1158 1207 legendnm
1207 1130 1515 1194 exsultare
1571 1145 1863 1211 prorsus.
1924 1123 2305 1207 Adspiciens
2360 1123 2557 1207 igitur

643 1302 650 1315 ,
696 1240 814 1307 Te·
847 1261 909 1308 et
959 1258 1258 1325 secutus,
1320 1262 1444 1310 una
1500 1259 1752 1325 tecum,
1799 1242 2081 1311 divinum
2133 1255 2369 1323 caput,
2411 1240 2558 1306 bac-

691 1359 916 1427 chatus
962 1379 1129 1428 sum.
1217 1362 1343 1428 Hic
1386 1362 1702 1429 Phaedrus
1760 1359 2111 1443 suspicari,
2153 1359 2409 1429 illudere
2459 1357 2561 1440 ip-

694 1476 752 1543 si
817 1478 1174 1544 Socratem:
1254 1499 1546 1562 quaerere
1616 1493 1821 1545 autem
1895 1477 2058 1545 serio
2086 1525 2110 1557 ‚
2188 1490 2514 1559 putaretne
2534 1521 2561 1555 ,

693 1595 1079 1663 Graecorum
1128 1597 1398 1680 aliquem
1456 1599 1588 1662 ullo
1637 1611 1918 1679 tempore
1953 1594 2031 1661 de
2065 1612 2189 1661 una
2226 1614 2294 1663 re
2334 1610 2432 1663 tot
2486 1612 2559 1663 ac

693 1715 1162 1807 tanta-dixisse.
1226 1717 1514 1780 Socrates
1565 1733 1717 1783 vero
1766 1731 2103 1779 memorare
2143 1728 2364 1795 poetas
2400 1715 2566 1781 mul·

693 1844 798 1895 tos
856 1843 918 1893 et
973 1830 1247 1911 pot-trias
1303 1845 1365 1895 et
1436 1829 1594 1919 alios
1655 1829 1803 1894 item
1874 1828 2255 1911 scriptores,
2315 1829 2429 1910 qui
2478 1831 2563 1897 de

692 1966 902 2012 amore
920 1944 1366 2030 scripsissent:
1415 1966 1682 2031 quorum
1703 1993 1727 2028 ‚
1769 1945 2021 2028 inquit,
2065 1959 2286 2029 pectus
2324 1945 2568 2013 habens

693 2064 948 2151 plenum
971 2111 994 2145 ,
1040 2064 1244 2129 sentio
1294 2083 1394 2130 me
1438 2083 1631 2147 posse
1680 2079 1922 2146 praeter
1976 2066 2201 2133 haecce
2250 2062 2366 2133 alia
2410 2062 2567 2133 item

694 2179 945 2261 dicere,
988 2200 1101 2247 nec
1140 2183 1376 2265 pejora.
1468 2181 1638 2247 Tum
1680 2181 2043 2261 Phaedrus,
2087 2181 2259 2265 hoc,
2304 2180 2569 2262 iuquit,

696 2298 1005 2381 praeclare
1074 2297 1338 2378 dixisti,
1383 2296 1905 2379 generosissime3
1968 2316 2004 2361 a
2061 2296 2293 2378 quibus
2352 2313 2577 2377 autem„

695 2416 845 2482 haec
920 2415 1229 2499 acceperis
1297 2433 1359 2481 et
1451 2416 1774 2497 quomodo
1796 2462 1821 2495 ,
1918 2432 1997 2481 ne
2071 2412 2242 2485 dicas
2328 2412 2518 2483 velim
2539 2464 2571 2496 ,

695 2532 938 2599 etiamsi
985 2552 1021 2598 a
1069 2551 1168 2599 me
1217 2546 1502 2615 rogatus·
1589 2530 1715 2597 Sed
1766 2544 1876 2611 tu,
1938 2549 2218 2613 quaes0‚
2264 2546 2335 2596 tu
2376 2551 2571 2614 pera·-

695 2667 771 2732 ge
845 2650 1021 2731 quod
1079 2648 1465 2731 promisisti:
1527 2647 1581 2712 si
1626 2646 1901 2729 feceris,
1981 2665 2207 2729 ponam
2271 2667 2387 2731 ego
2439 2649 2569 2714 tibi

695 2766 963 2852 Delphis
1062 2780 1328 2835 statuam
1418 2784 1662 2833 auream
1694 2812 1718 2847 ‚
1801 2767 1979 2851 juxta
2072 2783 2295 2830 meam.
2404 2766 2565 2852 Quo

691 2887 1104 2957 adolescentis
1160 2888 1378 2952 ardore
1439 2898 1661 2968 captus
1713 2885 2001 2951 Socrates
2021 2931 2044 2964 ,
2088 2899 2268 2965 aegre
2306 2880 2569 2964 quidem.

692 3021 768 3068 et.
805 3006 1007 3068 multo
1068 3024 1210 3068 cum
1271 3004 1556 3085 pudore,
1600 3003 1709 3071 sed
1764 3003 2126 3084 perducitur
2180 3016 2383 3067 tamen
2432 3020 2567 3084 eo,

691 3134 763 3180 ut
807 3117 943 3198 ipse
996 3118 1227 3198 pariter
1272 3117 1615 3183 orationem
1661 3119 2059 3197 pronunciet.

770 3232 896 3297 Est
947 3249 1152 3299 autem
1202 3232 1305 3297 illa
1354 3251 1487 3302 non
1534 3232 1618 3299 ita
1660 3248 1790 3297 arte
1829 3233 2034 3299 nitens
2075 3247 2137 3298 et
2181 3226 2504 3317 splendida
2532 3285 2565 3317 ‚

686 3363 762 3417 ut
831 3347 1104 3435 Lysiae3
1167 3348 1279 3413 sed
1324 3350 1747 3441 ,commendat
1812 3368 1881 3414 se
1940 3352 2141 3415 multo
2226 3352 2420 3434 magis
2490 3369 2563 3423 et
2663 3328 2673 3337 ⁶

632 3480 636 3489 ·
685 3468 852 3532 lucet
917 3468 1098 3548 plane
1153 3464 1372 3530 ordine
1399 3512 1427 3545 ‚
1470 3463 1959 3549 perspicuitate,
2002 3466 2263 3549 proprio
2325 3470 2574 3536 verbo-
2640 3510 2643 3519 ·

680 3604 819 3651 rum
873 3604 1037 3664 usu,
1092 3599 1373 3648 accurata
1434 3582 1779 3665 argumenti
1838 3585 2244 3668 definitione,
2292 3586 2558 3654 interio-

679 3719 746 3765 re
805 3701 993 3768 animi
1058 3700 1310 3770 humani
1366 3701 1935 3786 pervestigatione:
2004 3705 2167 3770 valet
2234 3705 2419 3773 unice
2470 3708 2556 3777 ad

675 3834 960 3885 caussam
1018 3819 1460 3901 obtinendam,
1536 3840 1719 3904 quam
1784 3836 2203 3905 proposuerat
2260 3823 2489 3906 Lysias
2518 3872 2547 3904 ,

679 3936 904 3999 amanti
968 3937 1290 4019 gratificari
1358 3956 1488 4005 non
1561 3953 1855 4022 oportere
1918 3942 2236 4026 juvenem.
2329 3942 2543 4027 Quae«

682 4050 936 4119 rendum
1023 4054 1209 4119 nobis
1271 4054 1590 4139 primum,
1658 4056 1919 4149 inquit,
1973 4060 2125 4143 quid
2181 4060 2264 4125 sit
2315 4079 2533 4127 amor:

2405 4189 2545 4247 tum
