2792 5167
889 429 994 462 §n-n
1038 423 1326 489 199-'-”

157 599 309 650 esse
377 585 613 655 ducant
667 588 990 656 universae
1035 586 1414 676 philosophi
1456 587 1776 657 doctrinae
1792 635 1818 677 ,
1861 599 1936 657 ut
1977 609 2055 674 eq

157 702 558 773 luxuriantis
611 705 839 789 ingenii
885 712 1443 794 τηαβλωςήμπα
1507 707 1795 776 habeant.
1883 706 2040 792 Quo

158 836 288 887 nos
353 820 427 887 in
501 820 672 891 hisce
728 822 1273 907 disquisitionibus
1348 823 1612 893 ulterius
1680 824 2042 910 progredie-

153 956 352 1021 mur,
393 958 480 1007 eo
523 941 708 1010 nobis
755 941 995 1028 mgis,
1036 942 1242 1026 qualia
1293 942 1426 1010 sint
1464 944 1573 1010 ina
1613 942 1888 1028 piacita,
1929 960 2039 1024 pa·

154 1054 343 1122 tebit.
437 1056 571 1126 Hic
628 1077 780 1126 vero
825 1060 952 1145 jam
1005 1058 1556 1128 animadvertamus
1580 1106 1607 1140 ‚
1649 1055 1920 1124 fluxisse
1960 1075 2037 1150 εις

151 1172 482 1241 amatoriis
545 1175 717 1254 hisce
771 1175 1178 1244 sermonibus
1236 1170 1798 1252 praestantissimas
1868 1188 2038 1237 vete·

151 1308 295 1358 rum
314 1338 344 1373 ‚
405 1291 476 1358 in
529 1289 766 1372 primis
821 1283 1387 1368 Peripateticorum
1406 1327 1433 1366 ,
1471 1284 1551 1349 de
1605 1282 1880 1349 amicitia
1913 1265 2046 1350 ‹ns-'-

150 1405 580 1488 putatione-s:
630 1419 902 1485 quarum
943 1402 1025 1468 ad
1083 1402 1435 1485 exemplum
1487 1399 1765 1485 scriptus
1798 1398 2044 1468 videtur

157 1521 515 1589 Ciceronis
559 1518 850 1590 Laelius.
934 1518 1103 1587 Nam
1157 1538 1331 1586 amor
1380 1520 1548 1603 apud
1585 1519 1908 1585 Platonem
1925 1565 1951 1598 ‚
1992 1517 2052 1583 si

157 1636 266 1704 vis
305 1640 450 1723 ejus
488 1637 813 1722 quaeritur
852 1636 920 1703 in
959 1656 1206 1704 morum
1247 1635 1579 1719 doctrina,
1598 1635 1864 1722 proprie
1895 1636 2050 1702 ami·

151 1753 306 1820 citia
347 1768 496 1836 est,
543 1772 920 1838 quamquam
959 1753 1267 1839 ejusmodi
1305 1753 1452 1835 illa,
1498 1767 1570 1821 ut
1589 1771 1839 1820 omnem
1865 1771 2038 1818 amo-

155 1869 246 1938 ris
286 1887 354 1938 et
391 1873 652 1940 sensum
689 1870 915 1938 habeat
948 1885 1014 1938 et
1044 1868 1336 1939 affectum
1380 1886 1445 1937 et
1484 1869 2033 1958 necessitudinem.
2090 1907 2095 1920 ·

160 1987 472 2057 Amicitia
518 2005 729 2057 autem
771 2007 957 2073 quam
1015 1991 1138 2056 late
1194 2003 1402 2074 pateat
1449 2008 1564 2073 per
1614 2003 1815 2055 totam
1850 1986 2039 2054 Vete-

157 2121 314 2172 rum·
340 2124 480 2176 non
511 2123 757 2176 tantum
808 2108 1145 2192 moralem,
1175 2109 1285 2175 sed
1323 2107 1650 2192 politicam
1689 2105 1874 2174 ctiam
1911 2107 2043 2174 dis·
2150 2147 2161 2157 ·

156 2223 460 2308 eiplinam
484 2274 510 2310 ‚
568 2226 716 2310 quis
771 2227 975 2295 nescit
997 2273 1023 2309 ‚
1066 2226 1178 2309 qui
1233 2224 1497 2310 politica
1537 2239 1821 2292 veterum
1847 2269 1875 2307 ‚
1913 2224 2042 2308 Py·

157 2341 614 2429 magor-eorum
653 2345 916 2414 maxime
931 2393 960 2428 ‚
999 2344 1228 2429 placita
1283 2340 1613 2428 perspexit
1634 2342 1668 2408 ‘3
1715 2342 1897 2430 Quae
1932 2360 2042 2409 ve-

105 2497 126 2518 ·
157 2477 233 2525 ro
276 2462 359 2529 ab
401 2463 684 2549 antiquis
724 2460 1093 2531 deamicitia
1130 2459 1352 2528 tradita
1382 2475 1539 2526 sunt
1568 2479 1642 2527 ac
1683 2458 1763 2526 de
1804 2456 2047 2544 gravis·

160 2576 336 2648 simis
387 2580 570 2648 hisce
631 2581 1025 2667 disciplinis,
1085 2581 1408 2665 quomodo
1456 2582 1631 2644 tanta
1665 2574 1827 2642 tradi
1865 2591 1928 2640 et
1970 2575 2043 2641 vi

158 2709 224 2759 et
283 2696 686 2763 subiimitate
739 2696 1101 2777 potuissent
1115 2739 1141 2774 ‚
1214 2691 1342 2758 nisi
1408 2692 1558 2776 puri
1623 2691 2043 2773 coelestisque

159 2814 402 2880 amoris
435 2885 442 2890 ,
477 2810 784 2879 sublimes
839 2808 1254 2894 praeivissent
1312 2807 1765 2891 descriptiones
1788 2807 1823 2874 2
1904 2803 2045 2875 Ne'c

160 2930 340 3000 aliter
381 2929 868 2998 existimandum
893 2946 993 2997 est
1030 2929 1109 2995 de
1149 2943 1281 2996 tota
1316 2919 1726 3013 philosophia
1758 2925 2043 3009 antiqua.

162 3047 312 3126 Nisi
373 3051 733 3118 traductum
787 3046 856 3115 in
911 3066 1043 3116 enm
1092 3046 1324 3115 fuisset
1364 3045 1679 3130 quidquid
1716 3045 1796 3113 de
1832 3063 2043 3113 amore

164 3165 486 3254 rebusque
563 3165 797 3236 divinis
860 3179 927 3232 et
996 3164 1284 3234 humanis
1365 3164 1713 3233 cecinerant
1769 3171 2040 3251 poetae,

165 3286 348 3364 plena
409 3286 516 3354 illa
554 3299 727 3354 esset
781 3282 1341 3353 subtilissimarum
1389 3283 1832 3368 quaestionum
1854 3331 1881 3366 ‚
1922 3284 2040 3350 sed

169 3398 425 3486 frigeret
441 3449 467 3484 ,
524 3419 598 3471 ut
672 3403 911 3489 frigent
968 3420 1141 3470 nunc
1203 3403 1443 3488 scripta
1512 3400 2043 3466 scholasticorum

173 3518 722 3603 philosophorum.
777 3521 1027 3589 Platoni
1083 3535 1288 3588 autem
1338 3516 1608 3585 maxime
1658 3515 1787 3583 hoc
1823 3513 2083 3600 debuitt

173 3636 617 3722 philosophia,
659 3653 734 3706 ut
752 3638 1046 3722 antiquae
1082 3656 1352 3734 poeseos
1391 3652 1455 3703 et
1490 3638 1708 3705 lumen
1747 3647 1813 3700 et
1841 3631 2041 3700 subli-

174 3754 450 3824 mitatem
485 3754 875 3840 susciperet,
927 3758 1344 3844 jungentque
1397 3772 1545 3820 eum
1610 3749 1903 3820 sensibus
1939 3727 2045 3818 ex'·

168 3874 358 3939 celsis
396 3873 477 3939 de
513 3873 740 3959 pulcro
776 3888 838 3939 et
869 3874 1046 3959 justo
1072 3920 1098 3956 ‚
1138 3871 1530 3957 disquirendi
1570 3869 2044 3953 disserendique

172 3989 608 4062 subtilitatem.
655 3989 900 4060 Primus
937 3991 1045 4058 iile
1063 3990 1185 4062 fuit
1205 3989 1563 4062 mortalium
1584 4037 1609 4078 ,
1647 3986 1861 4079 judice
1889 3991 2039 4059 Plu·

1923 4119 2044 4169 tar.
