2792 5167
890 438 1286 505 ‘'⁸³⁵⁵—

141 602 388 674 tddicti
411 651 435 688 ,
495 620 663 673 certe
715 606 1038 690 systemati
1096 605 1248 671 haec
1308 621 1430 672 suo
1494 621 1624 671 non
1684 618 2024 689 potuerunt

137 724 647 791 accommodare.
728 722 1149 808 Quamobrem
1207 724 1306 788 vel
1367 721 1624 789 silentio
1674 723 2026 805 praetermi-

138 816 381 909 ierunt
422 839 526 905 illa
548 886 572 921 ,
619 840 716 906 vel
742 886 766 921 ,
812 860 955 906 cum
1000 839 1063 905 id
1107 855 1236 906 non
1278 839 1494 906 liceret
1518 885 1542 920 ,
1587 838 2025 923 intempestive

102 940 358 1024 'alieno
398 959 542 1022 loco
584 956 1124 1039 interposuerunt.
1221 955 1398 1045 Quid
1436 955 1636 1023 dicam
1678 956 1756 1022 de
1796 958 2023 1025 artium

138 1072 431 1139 omnium
475 1074 849 1139 laudatarum
898 1092 968 1139 ac
1010 1073 1478 1156 disciplinarum
1524 1073 1972 1141 instauratione
1996 1121 2021 1156 ,

137 1191 337 1275 cujus
389 1206 608 1256 auctor
659 1190 835 1256 Plato
877 1187 999 1256 fuit
1022 1210 1045 1257 t
1121 1193 1199 1258 de
1235 1209 1408 1258 novo
1452 1190 1724 1259 musicae
1761 1211 1832 1259 ac
1875 1197 2028 1275 poe·

138 1324 301 1373 neue
319 1350 345 1388 ,
400 1304 482 1373 de
519 1322 694 1373 novo
737 1306 1108 1388 geometriae
1148 1325 1218 1373 ac
1250 1308 1618 1375 ‘dialecticae
1640 1353 1667 1391 ,
1725 1308 1809 1375 de
1847 1326 2021 1376 novo

143 1422 541 1506 eloquentiae
564 1469 589 1505 ,
642 1400 780 1489 ‘imo
836 1442 989 1489 vero
1051 1425 1130 1489 de
1179 1442 1354 1490 novo
1412 1416 1678 1509 quodam
1721 1440 1785 1491 et
1825 1423 2025 1491 subll·

138 1540 359 1608 miore
380 1541 648 1622 ethicae,
695 1539 1024 1623 politicae,
1068 1541 1222 1607 adde
1263 1556 1327 1608 et
1367 1542 1720 1626 theologiae
1760 1560 2020 1626 genere,

144 1660 331 1744 quod
370 1656 619 1741 scriptis
662 1659 940 1742 prodidit
983 1676 1053 1724 ac
1097 1659 1433 1726 celebravit
1475 1659 1658 1728 suis?
1693 1659 1770 1757 ld
1791 1677 2017 1743 omne,

144 1777 339 1858 quale
377 1775 505 1856 ait,
567 1793 647 1855 ne
687 1776 991 1860 suspicati
1036 1774 1285 1858 quidem
1328 1792 1601 1860 possunt
1628 1821 1652 1856 ,
1696 1791 2020 1859 quotquot

144 1908 287 1959 non
315 1905 484 1969 totos
528 1911 669 1959 sese
694 1909 757 1959 et
788 1891 1037 1977 penitus
1079 1892 1145 1959 in
1186 1906 1444 1960 aetatem
1465 1893 1742 1959 Platonis
1786 1893 2020 1975 ipsius·

144 2024 283 2091 que
321 2008 548 2091 scripta
592 2006 1087 2075 insinuaverunt.
1188 2009 1370 2079 Sunt.
1392 2021 1596 2072 autem
1640 2008 1788 2073 haec
1830 2007 2016 2074 nobis

128 2122 587 2208 ‘perdiligenter
640 2123 1005 2191 attendenda
1025 2171 1051 2206 ,
1114 2124 1171 2189 si
1230 2123 1483 2205 quidem
1525 2138 1588 2191 et
1627 2122 2015 2210 interpretari

134 2239 607 2325 philosophiam
667 2241 988 2322 Platonis,
1058 2256 1125 2308 et
1186 2239 1485 2307 ambitum
1552 2242 1688 2327 ejus
1763 2259 2010 2308 omnem

140 2374 354 2426 mente
391 2359 768 2442 complecti,
824 2375 887 2425 et
928 2377 1080 2424 vero
1122 2356 1429 2441 proficere
1468 2356 1615 2423 inde
1651 2358 1728 2424 ad
1767 2372 2010 2442 tempo-

138 2494 283 2543 rum
321 2490 677 2542 nostrorum
716 2494 899 2541 usum
938 2474 1229 2542 velimus.
1311 2472 1478 2540 Nam
1498 2472 1839 2540 desiderare
1862 2472 2011 2539 haec

138 2608 311 2660 aetas
363 2593 910 2659 commutationem
962 2590 1438 2676 philosophiae,
1475 2589 1640 2673 'quin
1688 2590 1868 2657 etiam
1913 2609 2014 2655 re·

140 2709 543 2777 novationem
609 2702 939 2792 quandam'
989 2709 1239 2775 videtur
1257 2755 1282 2790 ,
1350 2721 1423 2773 ut
1481 2725 1598 2773 nec
1659 2712 2009 2781 tiansscen-

66 2878 75 2885 .
138 2826 413 2894 dentalis
448 2825 534 2893 sit
554 2872 580 2907 ,
620 2844 868 2909 nosque
909 2846 953 2891 a
985 2828 1195 2913 priori
1240 2823 1590 2891 ratiocinari
1632 2839 1704 2889 ac
1734 2838 2028 2890 statuere·

143 2961 525 3027 pergamus,
582 2962 698 3009 nec
761 2960 910 3009 vero
969 2943 1097 3024 sit,
1142 2942 1315 3025 quod
1357 2939 1626 3021 dicitur,
1669 2942 2005 3027 empmca,

141 3060 414 3141 solaque
478 3060 877 3131 ‚contineatur
952 3058 1387 3125 observatione
1446 3076 1647 3123 rerum
1705 3058 2004 3140 externa3

144 3178 305 3258 sed,
368 3176 621 3244 mediam
675 3192 889 3243 tenens
940 3178 1318 3257 eandemque
1363 3174 1592 3258 regiam
1646 3173 1854 3255 viam,
1914 3174 2006 3241 sic

142 3293 483 3376 procedat,
543 3310 616 3358 ut
657 3289 908 3375 physici
949 3291 1261 3372 hodieque
1319 3292 1569 3370 solent,
1615 3290 1726 3373 qui
1777 3310 1821 3355 a
1873 3310 2010 3377 pos-

140 3411 371 3476 teriori
405 3410 789 3492 exquirunt,
841 3408 995 3491 quid
1049 3430 1092 3473 a
1134 3410 1345 3495 priori
1392 3405 1526 3473 sive
1568 3405 1738 3470 intus
1792 3405 1855 3470 in
1913 3425 2009 3470 re·

140 3544 285 3589 rum
326 3530 542 3593 naturai
602 3528 823 3608 lateat;
918 3527 1064 3591 hinc
1122 3538 1327 3590 autem
1384 3522 1692 3607 explicare
1749 3538 2005 3589 naturae

142 3643 561 3726 phaenomena
612 3658 941 3727 conantur.
1014 3643 1243 3728 ·Quod
1275 3642 1792 3723 quemadmodum
1826 3642 2007 3708 insti-

145 3760 439 3825 tuendum
489 3758 553 3825 in
600 3760 871 3826 animum
916 3761 1252 3825 humanum
1311 3776 1381 3824 ac
1444 3759 1739 3825 mundum
1779 3759 2008 3825 intelli·

145 3873 395 3955 gibilem
461 3891 519 3940 ct
568 3879 856 3943 moralem
919 3874 1040 3955 sit,
1124 3874 1406 3958 quidque
1442 3872 1588 3941 inde
1618 3874 1695 3940 ad
1733 3875 2002 3942 indolem

144 3990 414 4057 hominis
467 4012 536 4056 ac
590 3995 897 4059 naturales
957 3991 1286 4058 facultates
1328 4005 1393 4057 et
1433 3992 1896 4076 cognoscendas
1939 4006 2009 4056 et

1859 4125 1998 4190 per-
