2792 5167
1321 471 1784 553 ,μεε-

670 655 792 708 est.
883 641 1089 710 Tenet
1141 644 1307 710 hunc
1357 648 1564 712 locum
1606 651 2038 737 ἧαὶχρωμωτδᾳ
2075 656 2147 721 τὲ
2191 653 2290 721 καὶ
2338 656 2534 736 ὤρχη-

678 762 935 847 ndi-teos
974 763 1076 829 xa)
1126 767 1372 849 ἀναφὴς
1407 769 1578 835 οὐσία
1617 768 1795 842 ὅντως
1830 767 1978 838 οὖσα
1998 819 2017 844 ,
2063 765 2130 834 id
2176 766 2351 851 quod
2397 784 2540 832 vete

679 890 776 939 est
813 892 926 939 nec
954 878 1230 944 colorem
1272 896 1383 947 aut
1415 879 1679 948 for-mam
1718 882 1905 949 habet
1944 900 2061 949 nec
2116 898 2291 950 tactu
2343 881 2542 969 perci—

669 988 888 1074 pitur,
954 994 1069 1059 sed
1122 994 1201 1062 ab
1265 1002 1390 1064 una
1451 999 1739 1083 conspici
1796 1015 2007 1077 mente
2060 1015 2318 1085 potest,
2385 1019 2543 1085 quae

505 1185 519 1205 .
599 1191 604 1197 .
667 1105 915 1191 aurigae,
957 1107 1152 1177 instar
1179 1113 1452 1181 animum
1484 1116 1827 1199 gubernat:
1874 1117 2002 1185 illic
2033 1119 2157 1187 hoc
2195 1119 2374 1186 adest
2422 1134 2548 1185 una

671 1242 816 1290 cum
851 1245 997 1294 vera
1037 1229 1319 1298 scientia.
1408 1233 1589 1299 Hanc
1643 1248 1934 1319 spectans
1972 1240 2174 1308 οὐσίαν
2227 1237 2405 1314 ὅπως
2451 1236 2550 1309 οὔ·

671 1369 790 1414 σαν
843 1363 989 1411 cum
1062 1347 1186 1415 Dei
1247 1349 1699 1436 intelligentia,
1782 1373 1943 1437 quae
2004 1366 2211 1420 mente
2260 1370 2421 1438 pura
2483 1365 2551 1418 et

671 1461 935 1531 scientia
999 1466 1267 1534 vertitur
1285 1515 1311 1552 ,
1372 1484 1508 1538 tum
1548 1471 1738 1538 animi
1774 1472 2083 1557 cujusque
2138 1470 2300 1538 acies
2321 1517 2346 1553 ,
2388 1487 2557 1552 quae

674 1579 827 1646 huic
887 1581 975 1647 rei
1015 1604 1127 1669 par
1179 1587 1266 1653 sit
1295 1585 1511 1655 futura
1531 1637 1555 1672 ,
1601 1602 1664 1656 et
1693 1587 1935 1673 placida
1984 1585 2222 1656 fruitur
2258 1587 2557 1672 volupta-

677 1711 784 1779 te,
826 1715 888 1765 et
927 1701 1049 1767 hoc
1104 1703 1233 1768 veri
1270 1708 1632 1786 spectaculo
1668 1707 1858 1772 alitur
1896 1721 2088 1787 atque
2131 1705 2512 1773 exhilaratur
2531 1751 2560 1787 ‚

680 1815 974 1895 quamdiu
1028 1818 1190 1883 coeli
1242 1820 1550 1903 vertigine
1612 1819 1681 1886 in
1735 1821 2044 1888 circulum
2096 1820 2391 1889 vertitur.
2476 1820 2558 1888 In

679 1931 803 1998 hoc
862 1949 1068 2001 autem
1110 1936 1384 2003 circuitu
1437 1939 1637 2024 ipsam
1688 1941 2152 2023 contemplatur
2201 1936 2510 2025 justitiam
2528 1984 2561 2020 ,

679 2053 1144 2133 temperantiam
1181 2054 1378 2138 ipsam
1405 2103 1431 2138 ,
1486 2056 1689 2142 ipsam
1723 2054 1985 2131 omnino
2006 2054 2327 2125 scientiam
2352 2103 2377 2139 ,
2419 2071 2560 2123 non

682 2188 842 2250 quae
880 2186 1024 2238 nata
1066 2171 1401 2256 aliquando
1438 2189 1578 2257 est,
1643 2192 1753 2241 aut
1786 2192 1945 2256 quae
1986 2172 2106 2239 alia
2157 2190 2256 2239 est
2296 2154 2363 2241 in
2414 2172 2563 2239 aliis

680 2306 944 2371 eornm,
1006 2308 1165 2383 quae
1205 2307 1374 2367 nunc
1402 2286 1546 2371 'esse
1597 2289 1912 2373 dicimus3
1975 2289 2089 2361 sed
2145 2307 2306 2372 quae
2356 2287 2423 2353 in
2475 2307 2565 2355 eo

681 2403 975 2487 obtinet,
1019 2407 1195 2489 quod
1237 2426 1384 2474 vere
1414 2424 1557 2491 est,
1599 2408 1774 2482 ww
1813 2410 1875 2479 ὃν
1902 2408 2126 2491 &trost
2168 2405 2571 2489 hanc'igiffll*

677 2521 996 2587 scientiam
1041 2538 1104 2588 et
1142 2537 1380 2593 caetera
1417 2523 1649 2608 pariter
1678 2524 1931 2607 omnia,
1975 2543 2141 2607 quae
2179 2543 2327 2592 vere
2361 2537 2567 2608 sunt,

679 2640 1140 2724 contemplatus
1212 2640 1498 2724 animus,
1557 2639 1769 2725 iisque
1831 2640 2114 2709 nutritus
2167 2660 2238 2708 ac
2288 2655 2515 2733 pastus
2537 2689 2570 2725 ,

683 2757 992 2843 recipiens
1057 2777 1129 2825 se
1193 2777 1415 2825 rursus
1465 2758 1627 2826 intra
1679 2763 1925 2827 coelum
1947 2807 1973 2851 ‚
2056 2761 2314 2831 domum
2362 2760 2564 2828 redit.

682 2878 1030 2963 Postquam
1081 2892 1285 2946 autem
1342 2876 1529 2945 rediit
1549 2923 1575 2961 ,
1619 2897 1824 2961 equos
1878 2876 2093 2961 auriga
2137 2878 2220 2946 ad
2256 2895 2569 2961 praesepe

684 2996 915 3075 sistens
937 3041 961 3075 ,
1024 2994 1397 3092 ambrosiam
1466 2994 1546 3060 iia
1601 2995 1861 3082 projicit
1914 3010 1977 3061 et
2029 3010 2244 3061 nectar
2305 2995 2571 3078 insuper

682 3110 1026 3195 potandum
1088 3108 1366 3193 praebet.
1454 3109 1545 3189 Et
1596 3109 1750 3190 haec
1815 3110 2069 3205 quidem
2124 3125 2222 3187 est
2278 3112 2573 3179 Deorum

677 3226 834 3295 vita.
865 3221 929 3267 <¹0
1105 3202 1110 3209 ⁶
1481 3226 1490 3243 ‘

766 3344 896 3412 Iter
947 3357 1156 3411 autem
1211 3341 1371 3410 illud
1419 3344 1698 3410 coeleste
1751 3345 1832 3411 ad
1882 3345 2094 3427 ipsum
2133 3346 2581 3427 contemplan-

682 3464 833 3532 dum
897 3482 1158 3546 verum,
1224 3481 1369 3529 cum
1438 3460 1628 3529 certis
1696 3459 2054 3527 instituitur
2120 3459 2575 3545 temporibus,
2665 3524 2677 3535 ,

681 3597 817 3661 tum
864 3582 1034 3665 hunc
1061 3581 1129 3647 in
1165 3582 1448 3649 modum.
1535 3578 1823 3664 Magnus
1860 3577 1928 3645 in
1978 3579 2162 3645 coelo
2213 3576 2345 3645 dux
2375 3577 2577 3669 Jupi-

683 3716 823 3784 ter,
866 3701 1095 3769 alatum
1145 3699 1347 3766 citans
1396 3716 1692 3780 currum,
1737 3696 2011 3781 primum
2060 3694 2337 3777 incedit,
2390 3696 2572 3762 ordi-2

682 3834 840 3901 nans
882 3819 1089 3903 omnia
1124 3833 1188 3885 et
1222 3816 1630 3903 providenter
1665 3814 2037 3919 disponens.
2120 3813 2313 3903 Hunc
2347 3813 2572 3914 seqni-

1379 4008 1392 4018 .
2451 3945 2577 4017 tuq

757 4085 839 4159 (ι)
882 4083 1111 4145 Phaet.
1150 4088 1247 4158 ²47
1284 4087 1351 4141 C.
1373 4087 1535 4157 D.‚E.
