2792 5167
1456 433 1807 496 ...73η-

692 593 935 678 riisque
986 594 1351 679 ambagibus
1401 596 1648 662 oberret
1667 643 1692 677 ‚
1760 596 1873 661 sed
1925 597 2134 663 redeat
2183 608 2384 664 tamen
2420 611 2553 663 tan-

692 714 833 779 dem
884 715 963 780 ad
986 712 1447 796 simplicitatem
1488 712 1814 798 pristinam
1838 761 1863 795 ‚
1905 727 2163 779 naturae
2199 693 2588 806 congruam..⁸

692 830 954 917 Qualem
999 848 1147 896 sane
1176 849 1313 898 esse
1348 830 1725 899 Socraticam
1762 831 2064 896 rationem
2087 879 2110 913 ‚
2149 833 2307 898 adde
2341 846 2404 898 et
2433 832 2565 899 Pla·

690 945 960 1010 tonicam
987 994 1010 1025 ‚
1058 967 1171 1012 nec
1216 949 1551 1030 quisquam
1601 947 1966 1030 negaverit,
2027 949 2141 1031 qui
2187 969 2319 1015 earn
2374 963 2564 1015 totam

692 1063 1125 1147 perspexerit,
1170 1080 1237 1130 et
1274 1066 1546 1150 probant
1599 1066 1790 1130 hodie
1832 1064 2202 1148 philosophi
2228 1113 2253 1145 ‚
2300 1065 2412 1150 qui
2455 1084 2571 1148 op-

691 1179 903 1247 timam
959 1197 1327 1265 quaerentes
1392 1175 1751 1265 rationem,
1828 1195 2057 1266 sponte
2113 1181 2182 1248 in
2247 1181 2571 1263 antiquam

689 1299 860 1368 inam
908 1300 1291 1368 inciderunt.
1602 1283 1606 1287 ’

780 1418 962 1506 Quae
998 1439 1151 1484 cum
1193 1420 1279 1484 ita
1317 1418 1446 1486 s²nt
1468 1469 1491 1500 ‚
1552 1419 1699 1501 via,
1735 1419 1804 1485 ni
1852 1416 2036 1484 fallor
2061 1465 2086 1500 ‚
2132 1431 2303 1501 patet
2333 1415 2572 1496 nobis,

696 1551 811 1622 per
858 1557 1042 1619 quam
1072 1585 1099 1619 ‚
1158 1539 1318 1603 duce
1352 1540 1614 1605 Platone
1668 1553 1732 1604 et
1785 1543 1935 1604 vera
1976 1535 2415 1621 philosophia,
2483 1534 2579 1600 sie

699 1655 1162 1737 procedendum
1231 1656 1361 1735 sit,
1434 1671 1504 1721 ut
1562 1657 1951 1736 inquiramus
2013 1654 2318 1720 continuo
2360 1653 2426 1717 in
2471 1671 2583 1718 na-

700 1785 900 1838 turam
952 1785 1235 1835 nostram
1299 1769 1439 1836 sive
1478 1774 1757 1836 animum
1800 1771 2075 1836 hominis
2119 1773 2381 1856 ejusque
2424 1789 2586 1836 con·-

695 1887 1029 1955 ditionem-
1057 1902 1443 1970 praesentem
1484 1901 1549 1953 et
1603 1887 1978 1970 pristinam:
2037 1903 2173 1955 tum
2218 1886 2588 1971 singulatim

699 2024 955 2091 agamus
985 2005 1253 2090 primum
1297 2007 1375 2072 de
1428 2006 1649 2096 pulcro
1697 2021 1759 2072 et
1807 2025 2015 2073 amore
2038 2054 2063 2089 ‚
2111 2025 2273 2089 quae
2298 2006 2591 2090 proxime

701 2140 856 2191 sunt
913 2125 1081 2209 apud
1138 2125 1457 2190 Platonem
1503 2139 1566 2189 et
1625 2124 1694 2191 in
1758 2123 2032 2189 hominis
2094 2128 2320 2191 natura
2368 2145 2591 2193 secum

704 2249 972 2338 invicem
1030 2250 1401 2332 conjuncta:
1472 2246 1767 2329 deinceps
1831 2246 1913 2312 de
1971 2266 2157 2326 vcro,
2247 2243 2325 2309 de
2377 2241 2539 2309 ideis
2563 2287 2592 2326 ,

707 2367 788 2432 de
822 2365 1141 2433 dialectica
1186 2380 1249 2430 et
1293 2362 1554 2430 caeteris
1605 2361 1957 2445 disciplinis
1977 2410 2003 2445 ‚
2050 2380 2213 2445 quae
2257 2362 2334 2428 ad
2366 2380 2600 2429 ver-um

707 2482 1166 2564 assequendum
1226 2479 1609 2546 adhibendae
1663 2493 1815 2543 sunt
1844 2499 1867 2545 ς
1950 2480 2197 2544 tandem
2241 2478 2318 2543 de
2362 2480 2548 2568 justo
2571 2527 2600 2562 ‚

708 2600 891 2686 cujus
925 2595 1287 2678 disquisitio
1328 2596 1500 2680 apud
1539 2597 1862 2662 Platonem
1907 2608 1972 2662 et
2015 2597 2311 2662 moralem
2333 2642 2358 2677 ‚
2401 2615 2608 2679 quam

711 2736 834 2785 nos
897 2716 1165 2783 dicimus
1184 2761 1210 2797 ‚
1267 2713 1623 2781 doctrinam
1679 2713 2122 2799 complectitur
2174 2729 2238 2780 et
2271 2714 2610 2803 politicam

715 2835 934 2903 simul.
1047 2833 1300 2922 Quibus
1350 2832 1728 2918 adjiciendae
1784 2832 1932 2899 item
1989 2846 2170 2898 erunt
2226 2830 2616 2916 philosophi

717 2955 797 3020 de
841 2954 1058 3020 mundi
1098 2955 1329 3036 opifice
1370 2968 1434 3018 et
1485 2967 1732 3018 natura
1769 2952 1990 3020 divina
2021 2949 2612 3030 sententiae,·duc-

718 3083 817 3134 tae
871 3069 1011 3134 illae
1068 3069 1393 3134 maximam
1448 3082 1683 3149 partem
1705 3115 1729 3147 ,
1809 3083 1978 3133 certe
2053 3068 2455 3150 explicandae
2527 3087 2620 3136 ex

720 3183 1265 3266 disputationibus
1301 3183 1856 3265 praecedentibus-

806 3302 899 3369 Et
950 3299 1041 3366 sic
1090 3300 1387 3383 quidem,
1430 3300 1497 3366 ni
1535 3298 1854 3382 fallimur,
1899 3301 2184 3367 ordinem
2219 3317 2623 3386 sequemur,

724 3441 855 3506 quo
911 3420 1119 3504 ipsum
1168 3418 1235 3484 in
1276 3417 1787 3502 philosophando
1843 3437 2247 3503 progressum
2313 3433 2411 3484 est
2464 3418 2630 3487 Pla-

724 3539 897 3610 tonis
951 3537 1295 3621 ingenium.
1411 3536 1663 3616 luvenis
1734 3535 1844 3602 ille
1922 3534 2283 3602 SocratIcus
2351 3532 2484 3602 fuit-
2547 3552 2630 3604 et

731 3660 861 3741 egit
913 3657 980 3724 in
1024 3657 1306 3728 Phaedro
1368 3653 1448 3720 de
1507 3674 1718 3721 amore
1747 3668 1841 3724 .et
1896 3654 2140 3740 pulcro.
2229 3652 2335 3721 Ad
2382 3645 2622 3734 Mega-

732 3776 897 3842 ricos
967 3775 1282 3842 concessit
1359 3773 1584 3840 deinde
1644 3787 1708 3840 et
1760 3771 2124 3851 ΕΙεαείεοε,
2209 3789 2478 3866 quorum
2543 3769 2630 3836 in

731 3888 1114 3975 disputando
1159 3891 1507 3964 subtilitate
1554 3905 1779 3979 captus
1801 3933 1825 3974 ,
1868 3909 2086 3960 vorum
2127 3887 2446 3972 inquirere
2476 3886 2628 3954 dis-

2470 4020 2622 4069 ⁸tm-
