2792 5167
237 638 434 704 Plato
471 635 802 721 usurpavit
823 634 858 700 ‘l’
924 633 1030 700 Sic
1082 634 1266 718 loqui
1314 634 1662 718 praestabat
1702 632 2070 721 simpliciter
2089 681 2116 717 ,

253 770 448 836 quam
483 753 735 836 poetice
774 771 1050 820 amorem
1090 750 1263 818 omni
1326 753 1799 838 opportunitate
1846 754 2118 822 celebra-

253 887 356 937 re.
437 869 646 954 Atqui
698 888 815 936 vos
840 916 866 952 ,
929 887 973 936 o
1029 868 1226 952 boni,
1291 870 1357 938 id
1417 869 1543 956 ipsi
1607 870 1791 956 agitis
1841 870 1904 937 in
1959 872 2125 938 vitae

261 985 760 1070 consuetudine,
820 987 992 1070 quod
1032 986 1100 1054 in
1141 987 1405 1057 Platone
1462 988 1956 1074 reprehenditis:
2016 1007 2126 1054 vo-

257 1119 390 1169 cem
428 1103 743 1188 usurpatis
784 1083 1121 1172 identidem
1147 1124 1436 1174 sermone
1462 1153 1489 1189 ,
1531 1105 1785 1200 linguis,
1812 1103 2140 1202 Germani-¹

251 1218 339 1288 cis
371 1219 696 1306 propriam
715 1268 742 1303 ,
761 1219 1304 1300 vaarheidslilefdo
1326 1270 1351 1304 ‚
1391 1221 1882 1292 wahrhcitsliabo
1896 1244 1923 1289 .·
1966 1219 2139 1304 quod

252 1337 494 1423 pariter
549 1338 912 1421 exprimere
967 1351 1244 1403 caeterae
1294 1338 1543 1424 linguae
1579 1340 1837 1410 student
1855 1388 1880 1423 ‚
1925 1359 2141 1423 quam·

253 1453 368 1520 vis
403 1453 788 1538 huiusmodi
830 1451 1138 1519 vocabulo
1181 1468 1485 1523 carentes.
1574 1455 1678 1524 Sic
1736 1439 1902 1524 inest
1961 1458 2140 1543 inge·

264 1566 399 1638 niis
459 1571 738 1653 nostris,
786 1590 1052 1653 quorum
1114 1572 1362 1658 linguae
1404 1567 1699 1642 dicuntur
1735 1577 1995 1659 specula
2046 1593 2148 1642 es·

263 1703 378 1772 se,
420 1691 658 1756 amoris
703 1691 935 1773 notio,
1000 1709 1195 1773 quum
1251 1691 1331 1759 de
1369 1692 1634 1760 veritate
1695 1696 1964 1780 ejusque
2004 1708 2153 1762 stu·

263 1804 380 1900 dio
429 1803 782 1891 cogitamus
844 1826 916 1873 ac
960 1807 1352 1875 disserimus.
1458 1811 1777 1897 Quocirca
1799 1855 1825 1894 ,
1886 1813 2137 1894 quando

267 1939 402 1992 rem
439 1922 566 1991 rite
600 1925 1154 2009 perpenderimus,
1199 1928 1368 1994 ultro
1403 1925 1779 2010 fatebimur,
1822 1928 1891 1995 id
1938 1927 2145 2015 egisse

265 2038 333 2107 in
376 2039 494 2107 hac
530 2051 663 2108 tota
714 2041 1090 2125 quaestione
1123 2041 1445 2112 Platonem
1466 2090 1493 2127 ,
1539 2043 1715 2128 quod
1767 2062 1962 2112 unum
2017 2062 2147 2110 ma·

277 2156 444 2227 xime
473 2156 858 2244 philosopho
903 2160 1212 2247 agendum
1271 2177 1413 2244 est,
1458 2176 1532 2230 ut
1592 2163 1933 2230 naturalem
1980 2161 2142 2228 hanc

283 2274 507 2343 metitis
577 2292 844 2362 nostrae,
917 2277 1246 2354 notionem
1305 2278 1820 2362 philosophando
1873 2278 2147 2359 explica-

277 2407 403 2462 tet.
502 2392 827 2461 Potuisset
886 2411 1040 2460 sane
1090 2393 1229 2459 aliis
1301 2392 1576 2460 vocibus
1636 2392 1731 2457 uti
1747 2439 1773 2472 ,
1841 2404 1918 2456 ut
1984 2389 2155 2455 fece-

278 2524 435 2582 runt
494 2510 816 2596 inscriptis
871 2510 1114 2594 posteri
1135 2556 1162 2591 ,
1222 2509 1288 2575 in
1351 2507 1586 2591 quibus
1623 2521 1963 2575 occurrunt
2034 2509 2157 2593 ὄρε-

279 2632 419 2714 ξις,
461 2632 658 2713 ὁρμὴ,
695 2630 985 2711 ἐπιθυμίαι
1009 2671 1034 2705 ,
1077 2639 1142 2691 et
1183 2637 1590 2707 opportune,
1632 2625 1764 2689 suis
1804 2626 1967 2691 locis
1990 2673 2014 2708 ,
2054 2626 2156 2693 his

278 2745 476 2813 etiam
523 2761 684 2810 usus
737 2756 835 2810 est
891 2742 1107 2823 Plat03
1167 2742 1281 2808 sed
1332 2740 1643 2807 disserens·
1686 2740 1847 2806 idem
1896 2740 1976 2807 de
2038 2741 2167 2808 hoc

277 2860 734 2952 philosophiae
799 2862 994 2946 longe
1065 2858 1441 2944 gravissimo
1499 2873 1566 2925 et
1616 2857 1902 2945 principe
1966 2862 2112 2927 loco
2134 2909 2160 2944 ,

275 2980 443 3065 nisi,
490 2980 646 3065 quid
687 2979 774 3047 sit
812 2997 1039 3059 amor,
1084 2976 1367 3061 quidque
1417 2976 1493 3042 ad
1547 2978 1976 3064 explicandum
2040 2980 2164 3047 ho-

279 3098 471 3168 minis
523 3096 851 3185 ingenium
921 3096 1323 3178 animumque
1390 3097 1634 3178 valeat,
1693 3099 2106 3182 explicuisset
2129 3141 2160 3182 ,

279 3232 551 3288 melitem
620 3216 762 3301 ipse
818 3232 996 3283 suam
1052 3212 1553 3295 sententiamque
1595 3214 1939 3297 exprimere
1986 3215 2164 3282 frus·
2290 3252 2301 3264 .

284 3348 386 3402 tn
431 3348 756 3403 tentasset.
844 3332 936 3400 Et
986 3350 1143 3398 vero
1205 3349 1324 3398 nos
1381 3330 1554 3413 ipsi,
1614 3330 1868 3412 quoties
1915 3331 2000 3397 de
2054 3348 2164 3397 eo-

298 3448 442 3516 dem
476 3449 604 3516 hoc
645 3464 1012 3536 argumento
1051 3450 1191 3518 sive
1243 3448 1571 3531 loquimur
1607 3449 1745 3515 sive
1783 3448 2122 3516 scribimus
2140 3496 2166 3531 ,

304 3563 1032 3646 quotandemvocabulo
1064 3581 1130 3634 et
1148 3566 1436 3634 crebrius
1468 3580 1534 3633 et
1550 3566 1867 3633 lubentius
1903 3566 2166 3651 utimur,

302 3696 498 3762 quam
533 3681 749 3748 eodem
787 3683 899 3750 illo
933 3699 1161 3751 nostro
1200 3683 2014 3771 waarhet'dsliefde?
2055 3689 2125 3734 (ὓ

1894 3901 1905 3914 .
1998 3805 2167 3898 Fon·

359 3980 448 4052 (ι)
488 3977 579 4035 Ex
635 3978 828 4052 lingui·
871 3983 963 4053 qni
996 3982 1128 4038 haee
1163 3998 1354 4037 eruero
1386 3982 1697 4055 diligentia
1728 3987 1939 4055 velint,
1979 3981 2169 4043 Gru·-

329 4112 445 4158 can
483 4094 768 4153 attondant
808 4097 1146 4169 praesertim.
1219 4091 1359 4153 Nm
1390 4094 1553 4165 μία,
1590 4094 1730 4153 unde
1767 4097 1967 4169 ,moen
1993 4127 2009 4156 ‚
2054 4089 2172 4162 pi-

1308 4235 1320 4247 ,
2076 4195 2168 4267 tn-
