2792 5167
1381 463 1801 524 *118*

643 652 768 713 tur·
826 658 1126 707 venereus
1191 644 1403 709 coitus
1438 691 1463 725 ,
1519 643 1688 724 acsi,
1735 643 1925 727 hujus
1979 644 2244 724 caussa,
2285 657 2499 720 mutin

637 759 1094 833 consuetudine
1151 775 1327 827 tanto
1385 762 1604 829 ardore
1659 762 2047 831 delectentur
2072 810 2096 843 ,
2162 760 2275 832 sed
2331 760 2502 831 aliud

632 878 789 963 quid
851 872 1181 961 utriusque
1246 879 1493 947 animus
1548 868 1868 961 anquirit,
1937 880 2113 969 quod
2179 880 2365 961 quale
2417 876 2505 946 sit

632 993 837 1062 dicere
873 1012 1005 1061 non
1040 1011 1253 1078 potest
1275 1043 1299 1077 ,
1344 998 1458 1061 sed
1502 996 1682 1081 quasi
1716 996 2143 1077 vaticinatur,
2185 997 2343 1079 quid
2396 1016 2507 1061 cu-

639 1115 770 1201 piat
795 1159 821 1194 ‚
870 1128 932 1179 et
985 1112 1257 1183 obscure
1301 1113 1553 1183 indicat.
1640 1114 1891 1201 Quodsi
1932 1115 2124 1196 illos,
2162 1134 2238 1179 se
2276 1130 2503 1183 mutuo

636 1222 1007 1317 amplexos,
1044 1234 1294 1299 adstans
1329 1250 1474 1299 eum
1500 1232 1935 1309 instrumentis
1960 1234 2285 1299 Vulcanus
2320 1248 2505 1313 roga·

633 1366 775 1418 ret:
825 1350 981 1435 quid
1030 1364 1127 1419 est
1175 1352 1459 1433 tandem,
1502 1346 1786 1421 homines
1813 1399 1838 1433 ‚
1883 1351 2060 1433 quod
2117 1350 2305 1419 vobis
2361 1347 2499 1423 fieri

635 1492 673 1545 a
720 1470 1039 1550 vobismet
1089 1470 1359 1549 invicem
1408 1469 1605 1541 vultis
1622 1468 1658 1535 *ἑ
1703 1485 1765 1535 et
1805 1468 2269 1552 ambigentibus
2320 1466 2453 1563 ilus
2473 1514 2499 1547 ‚

631 1591 858 1663 iterum
932 1604 1490 1676 percunctareturz
1576 1587 1839 1666 hoccine
1909 1584 2272 1661 desideratis
2298 1632 2324 1667 ,
2385 1599 2504 1664 ut,

635 1708 845 1791 quoad
900 1708 1035 1792 ejus
1073 1706 1207 1771 fieri
1251 1705 1505 1789 possit,
1552 1705 1815 1776 maxime
1857 1703 1997 1769 sitis
2042 1723 2210 1784 una,
2256 1718 2331 1771 ut
2365 1702 2519 1773 diea-

628 1838 974 1905 noctesque
1025 1840 1363 1904 numquam
1426 1840 1463 1886 a
1527 1821 1715 1888 vobis
1781 1820 2046 1895 invicem
2106 1821 2438 1889 discedatis
2460 1822 2515 1899 *ξ’

628 1939 795 2006 Nam
835 1939 900 2015 id
931 1939 987 2007 si
1013 1938 1390 2015 'desideratis
1412 1985 1435 2022 ‚
1476 1939 1664 2011 velim
1696 1959 1816 2006 vos
1852 1960 1973 2025 ego
2008 1941 2076 2015 in
2108 1959 2305 2011 unum
2345 1960 2500 2006 con,

628 2058 824 2141 flare,
871 2036 986 2141 ut,
1052 2058 1340 2143 quamvis
1399 2060 1574 2140 du0‚
1621 2078 1785 2129 unus
1835 2059 2020 2131 sitisss
2087 2076 2149 2129 et
2196 2060 2496 2158 quqmdiu

624 2176 897 2260 vivetis,
943 2179 1131 2251 ambo
1183 2192 1266 2242 un
1315 2194 1479 2241 unus
1524 2176 1814 2258 idemque
1876 2178 2149 2260 vivam,
2217 2194 2280 2255 et
2317 2195 2519 2263 posta·

623 2313 808 2376 quam
849 2293 1083 2359 mortui
1141 2293 1357 2376 eritis,
1403 2292 1532 2359 iuic
1585 2295 1792 2369 denuo
1842 2294 1906 2360 in
1953 2314 2104 2363 orco
2166 2315 2284 2378 pro
2334 2298 2511 2362 duo--

624 2413 745 2477 bus
812 2428 980 2490 unus
1043 2411 1228 2493 sitiS,
1284 2411 1704 2486 communiter
1772 2413 2032 2479 mortui.
2140 2412 2278 2480 Vos
2338 2433 2494 2480 vero

617 2528 864 2609 videte,
930 2545 1080 2602 num
1142 2529 1265 2593 hoc
1324 2526 1638 2612 cupiatis,
1699 2527 2015 2608 vobisque
2078 2528 2386 2609 sufficiat,
2431 2530 2514 2603 si·

616 2646 739 2711 hoe
808 2642 1253 2727 assequamini.
1342 2642 1465 2708 His
1511 2642 1789 2726 auditis,
1816 2632 1823 2641 ’
1853 2645 2133 2727 scimus,
2175 2645 2487 2723 neminem

613 2763 681 2837 id
735 2777 1152 2846 negaturum,
1215 2778 1330 2829 nec
1391 2761 1561 2831 aliud
1624 2762 1776 2845 quid
1834 2762 2305 2846 appetiturum3
2378 2766 2490 2833 sed

608 2884 793 2971 plane
832 2902 902 2963 se
964 2883 1283 2949 audivisse
1338 2856 1835 2956 existimuturum
1896 2879 2053 2950 illud
2074 2927 2096 2961 ,
2142 2882 2317 2963 quod
2371 2883 2490 2948 du·

606 3002 754 3067 dum
810 3001 1332 3080 desideravisset‚
1402 3015 1473 3063 ut
1523 3002 1917 3083 conjunctus·
1960 3018 2103 3065 cum
2153 3015 2356 3067 amato
2420 3016 2489 3074 et·

604 3113 982 3184 commixtus
1021 3134 1098 3181 ex
1146 3114 1401 3180 duobus
1437 3131 1603 3191 unus
1645 3113 1844 3179 fieret.
1935 3116 2147 3199 Hujus
2178 3115 2265 3179 rei
2296 3136 2499 3185 caus--

599 3253 669 3301 sa
723 3246 865 3312 est,
910 3232 1084 3313 quod
1131 3228 1272 3296 talis
1327 3231 1452 3296 fuit
1503 3245 1688 3296 vetus
1754 3246 1973 3297 natura
2029 3247 2290 3312 nostra,
2354 3232 2484 3301 fui,

600 3368 870 3433 musque
903 3345 1238 3429 aliquando
1279 3345 1531 3428 integri.
1619 3346 1999 3428 Integritatis
2053 3348 2240 3430 hujus
2296 3349 2480 3432 cupi-

596 3468 728 3539 dini
768 3484 828 3537 et
859 3464 1170 3546 desiderio
1209 3481 1381 3533 amor
1421 3481 1651 3530 nomen
1688 3463 1861 3529 est.”
1903 3464 1968 3510 (⁸)

2237 3652 2241 3663 .
2352 3585 2472 3657 Fa-

662 3766 747 3832 (ι)
791 3764 1040 3832 Sympos.
1103 3763 1200 3831 189
1256 3763 1304 3819 C
1342 3783 1421 3805 -—
1460 3760 1574 3830 193.
1612 3759 1688 3811 D.
1757 3758 1842 3815 Ut
1881 3770 2162 3825 caeteros,
2213 3763 2286 3813 ita
2327 3763 2474 3816 hune

589 3851 647 3902 in
689 3852 879 3916 primis
914 3869 1214 3915 sermonem
1257 3849 1644 3918 elegantissime
1684 3851 1957 3903 enarravit
1987 3851 2281 3920 Wyttenb.
2320 3850 2487 3903 nihl.-

591 3939 686 3991 (ἓν.
725 3936 854 3989 Vol.
889 3939 934 3989 1.
980 3939 1043 3991 Ρ.
1083 3940 1130 3992 1.
1169 3957 1224 4006 p.
1261 3939 1348 3991 58.
1399 3939 1518 4001 nq-
1543 3955 1608 3991 οι
1651 3958 1717 3995 eo
1759 3930 2243 4010 attulimusfquao
2284 3940 2465 3998 mxi-.-
2578 3996 2589 4007 ,

587 4046 672 4089 ne
696 4025 1104 4100 philosophiam
1138 4033 1404 4092 spectant.
