2792 5167
920 488 1269 555 ...61-

175 689 329 751 mo,
393 686 619 753 nempe
679 666 1089 736 iracundum?
1144 704 1248 753 —„
1298 668 1459 734 Hoc.
1487 668 1659 738 item.
1723 704 1805 723 -
1848 667 2031 781 (ξιο-

177 787 371 863 modo
427 785 621 871 igitur
678 782 788 850 fiet
814 830 838 865 ,
899 803 942 849 o
979 785 1225 852 Glauco
1248 830 1271 863 ‚
1334 797 1406 851 ut
1469 803 1598 851 non
1655 785 1854 870 asperi
1904 785 2034 852 sint

181 918 248 972 et
303 918 574 988 agrestes
609 903 908 968 adversus
951 921 1020 967 se
1062 902 1324 968 invicem
1382 903 1677 984 civesque
1719 917 2037 983 caeteros,

183 1041 352 1090 cum·
391 1020 499 1089 tali
557 1020 684 1086 sint
743 1022 964 1086 natura
1021 1017 1329 1102 praediti?
1372 1054 1462 1071 -
1509 1020 1690 1086 Haud
1741 1018 1922 1085 facile
1958 1018 2048 1086 is·

187 1140 348 1219 tud,
386 1156 502 1222 per
531 1136 910 1229 Jovemg—
951 1135 1387 1201 Verumtamen
1424 1149 1676 1219 oportet
1711 1137 1858 1202 illos
1903 1144 2046 1220 erga

191 1267 783 1332 suosmansuetos,
827 1253 1126 1318 adversus
1165 1251 1381 1317 hostes
1420 1266 1623 1317 autem
1663 1251 1833 1318 feros
1873 1270 2045 1319 esse:

195 1368 594 1452 caeteroquin
626 1385 755 1434 non
789 1368 1284 1451 exspectabunt,
1327 1368 1525 1433 donec
1562 1368 1737 1451 ipsos
1772 1362 1878 1435 alii
1913 1386 2059 1453 per·

198 1484 387 1567 dant,
448 1483 570 1567 ipsi
614 1499 809 1550 semet
851 1484 1027 1566 ipsos
1069 1484 1351 1567 perdent.
1393 1517 1488 1535 -
1527 1485 1692 1550 Vere
1737 1484 1925 1556 dicis.-
1962 1522 2056 1539 —

202 1601 377 1688 Quid
433 1600 627 1687 igitur
668 1598 1016 1690 faciemus?
1100 1600 1371 1667 Ubinam
1423 1615 1808 1667 mansuetum
1869 1601 2058 1668 simul

205 1735 271 1787 et
345 1718 706 1786 iracundum
785 1717 1100 1802 ingenium
1178 1714 1602 1800 reperiemus?
1731 1716 2064 1783 Contraria

209 1833 374 1933 enim
437 1831 762 1900 iracundae
820 1848 1075 1898 naturae
1138 1846 1354 1897 natura
1426 1829 1595 1896 mitis
1654 1846 1933 1915 apparet.
1975 1870 2063 1886 -

210 1951 518 2037 Apparet.
562 1958 651 2003 -·-
690 1948 944 2015 Verum'
988 1947 1102 2030 qui
1160 1949 1456 2013 alterutro
1506 1948 1727 2013 horum
1761 1948 2070 2030 -carebit,

215 2080 436 2135 custos
494 2064 706 2133 bonus
755 2084 884 2131 non
943 2064 1102 2131 eritr
1150 2079 1220 2130 ut
1273 2083 1425 2129 vero
1475 2080 1808 2145 utrumque
1847 2064 2071 2130 habeat

223 2180 418 2268 quis,
461 2180 595 2247 fieri
632 2198 761 2246 non
802 2198 991 2263 posse
1026 2181 1311 2247 videturt
1361 2178 1445 2249 (¹)
1493 2198 1621 2260 quo
1659 2180 1777 2261 fit,
1842 2195 1913 2247 ut
1951 2179 2073 2245 bo·

222 2317 350 2367 nus
396 2312 616 2363 custos
672 2296 934 2363 inveniri
986 2315 1114 2363 non
1160 2297 1397 2380 possit.
1440 2334 1527 2350 --
1569 2296 1858 2362 Videtur.
1949 2296 2076 2360 Hic

226 2432 386 2482 vero
442 2412 730 2481 Socrates
785 2413 1089 2479 haesitans
1134 2428 1469 2494 secumque
1510 2413 1833 2495 superiora
1870 2411 2078 2478 animo

226 2545 522 2614 reputans
548 2576 571 2611 ‚
613 2527 883 2610 merito,
930 2529 1177 2612 inquit,
1223 2530 1614 2609 dubitamus,
1661 2529 1895 2596 amicet
1937 2546 2080 2595 nam

230 2645 313 2712 ab
371 2665 478 2728 ea,
546 2665 730 2728 quam
783 2666 972 2729 supra
1023 2647 1430 2726 induximus,
1491 2646 1952 2730 comparatione
1993 2646 2089 2713 di·

236 2763 433 2847 ‘gressi
494 2781 741 2830 sumus.
799 2798 892 2814 —
953 2762 1103 2848 Quo
1161 2778 1341 2844 pacto
1408 2765 1470 2828 id
1533 2762 1677 2829 ais?
1719 2798 1807 2815 —-
1853 2763 2087 2829 Nonne

239 2878 596 2967 invenimus
621 2925 645 2960 ,
719 2879 875 2944 tales
946 2896 1086 2944 esse
1140 2881 1430 2959 quasdam
1486 2896 1737 2945 naturas
1760 2925 1784 2960 ,
1870 2883 2088 2964 quales

246 2996 500 3064 minime
556 3010 1046 3079 putaveramuS,
1109 2995 1405 3061 babentes
1468 2997 1615 3060 haec
1675 2996 1861 3062 simul
1914 2997 1977 3062 in
2023 2977 2096 3064 se

246 3112 605 3180 contraria?
645 3148 735 3164 —
778 3110 1101 3191 Ubinam?
1143 3146 1225 3163 —
1276 3113 1345 3177 ln
1384 3112 1518 3177 aliis
1563 3114 1686 3178 hoc
1727 3113 2093 3181 animalibus

249 3230 458 3297 videre
498 3231 680 3310 licet,
723 3246 852 3293 non
894 3246 1044 3293 vero
1089 3226 1340 3292 minime
1372 3230 1439 3293 in
1479 3247 1553 3294 eo
1591 3231 1892 3311 custode,
1939 3249 2103 3311 quo·

254 3367 400 3417 cum
473 3362 756 3414 nostrum
838 3346 1159 3411 custodem
1231 3345 1764 3427 comparabamuS.
1912 3345 2106 3411 Nosti

259 3464 423 3533 enim
449 3508 474 3545 ‚
516 3461 794 3546 generosi
833 3461 1002 3526 canis
1041 3461 1208 3526 hunc
1246 3464 1465 3525 natura
1506 3479 1737 3524 morem
1792 3478 1972 3540 esse,
2029 3475 2101 3525 ut

261 3599 407 3665 erga
482 3576 802 3645 familiares
878 3592 941 3642 et
1005 3592 1194 3642 notos
1256 3575 1621 3641 mitissimus
1685 3577 1809 3641 site
1888 3591 2106 3644 contra

2006 3713 2114 3760 ve-

340 3864 425 3936 (ι)
464 3860 702 3918 (ἔπεσσε
777 3858 979 3917 ταῦτα
1029 3854 1091 3915 δὲ
1142 3853 1445 3923 ἀδυνάτοις
1496 3851 1661 3916 ἔοικε.
1744 3857 1887 3912 naec
1939 3856 2115 3917 an'tem

271 3965 550 4028 corrupta.
583 3955 877 4025 supplevi:
915 3956 1114 4012 cavera
1156 3949 1220 4023 δὲ
1262 3950 1568 4023 ἀμφότερα
1587 3951 1776 4026 ἔχειν,
1817 3952 2117 4029 ἀδυνάτοις

267 4052 437 4113 ἔοικε.
