2792 5167
1404 460 1523 500 ··-
1568 451 1825 515 116-

681 630 792 710 qul
817 632 920 696 hic
958 618 1209 695 fuerunt
1251 629 1521 711 tyranni.
1581 631 1746 696 Nam
1783 630 2241 713 Aristogitonis
2272 648 2438 701 amor
2470 646 2533 701 et

677 746 999 812 Harmodii
1048 745 1317 811 amicitia
1373 744 1633 811 firmiter
1687 748 2113 831 invalescens,
2158 768 2376 817 eorum
2415 751 2537 817 dis—

675 865 869 929 solvit
907 862 1367 947 tyrannidem.”
1404 864 1486 930 (¹).
1510 864 1597 930 Et
1630 883 1781 930 vero
1823 861 2019 947 quam'
2048 866 2366 934 Phaedrus
2414 872 2544 936 lau·

673 980 884 1060 davit,
931 997 1215 1062 quaeque
1242 978 1363 1044 fuit
1382 981 1550 1063 apud
1585 980 1969 1062 ThebanOS,
1992 1001 2164 1050 sacra
2199 998 2539 1051 amatorum

673 1098 949 1177 cohors,
1019 1095 1240 1161 merito
1301 1096 1403 1162 illa
1467 1096 1695 1163 invicta
1750 1096 2097 1164 diceBatur.
2185 1101 2255 1166 Id
2302 1101 2543 1167 scilicet

669 1231 799 1278 non
836 1228 1078 1280 tantum
1119 1213 1308 1280 efficit
1340 1233 1514 1281 amor
1535 1262 1559 1295 ‚
1582 1229 1651 1279 ut
1676 1213 1785 1295 qui
1804 1214 2122 1280 solitarius
2146 1213 2346 1282 fuerat
2361 1231 2543 1282 antea

673 1348 791 1396 nec
834 1329 958 1395 sibi
1000 1330 1366 1412 sufficiens,
1411 1349 1555 1396 cum
1602 1332 1798 1397 altero
1835 1335 2128 1417 jungatur
2194 1332 2575 1398 arctissima'

671 1449 1181 1516 necessitudine:
1208 1468 1366 1533 quae
1390 1447 1697 1516 amicitiae
1743 1462 1837 1515 est
1871 1448 2027 1517 ratio
2052 1469 2076 1531 ;
2102 1447 2203 1514 sed
2224 1451 2346 1516 hoc
2390 1449 2541 1515 item

672 1569 886 1633 studet
930 1556 1211 1649 efficere,
1255 1584 1329 1633 ut
1372 1569 1682 1634 coalescat
1721 1582 1982 1649 uterque
2023 1566 2205 1650 plane
2247 1567 2311 1632 in
2356 1560 2540 1633 imam

674 1686 1056 1766 eandemque
1117 1700 1443 1765 naturam,
1502 1702 1683 1749 unus.
1734 1684 1885 1749 fiant
1928 1683 2038 1766 qui
2068 1685 2316 1750 fuerant
2367 1684 2544 1763 duo4

678 1799 824 1865 hinc
878 1815 1082 1864 autem
1123 1799 1287 1863 vires
1348 1799 1706 1881 concipiant
1765 1799 2095 1864 immensas
2138 1815 2200 1864 et
2236 1800 2361 1865 soli
2408 1816 2546 1865 tan-

671 1932 804 1981 tum
848 1923 980 1980 non·
1012 1913 1310 1982 omnibus
1345 1915 1673 1981 videantur
1721 1935 1925 1998 pares.
1976 1916 2180 2002 Quam
2214 1915 2545 1982 admirabi-

669 2038 793 2099 lem
846 2033 1080 2100 amoris
1133 2048 1417 2100 naturam
1479 2034 1781 2117 exposuit
1852 2033 1919 2099 in
1981 2033 2279 2117 singulari
2325 2035 2541 2100 libello

669 2154 1042 2220 Franciscus
1096 2152 1652 2233 Hemsterhusius‚
1698 2148 1761 2193 (²³
1805 2150 2098 2233 idemque
2145 2153 2222 2218 ad
2264 2151 2541 2217 hominis

667 2270 1088 2351 explicandam
1135 2258 1405 2334 indolem
1459 2267 1525 2333 in
1568 2269 1759 2333 nullis
1803 2286 1933 2333 non
1974 2267 2226 2352 scriptis
2263 2286 2540 2335 amorem

666 2386 931 2453 attendit
969 2385 1481 2468 diligentissime:
1548 2386 1662 2451 scd
1695 2385 1915 2451 debuit
1964 2386 2087 2453 hoc
2124 2387 2485 2470 praesertim
2515 2434 2540 2466 ‚

668 2521 741 2567 ut
768 2503 905 2584 ipse
928 2501 1258 2567 confessus
1291 2516 1385 2567 est
1406 2549 1431 2582 ‚
1456 2501 1786 2584 symposio
1828 2503 2276 2586 Xenophontis
2300 2521 2363 2571 et
2399 2508 2536 2573 Pla—

663 2619 879 2685 tonisz
921 2623 987 2683 in
1020 2617 1241 2702 primis
1260 2617 1707 2701 Aristophanis
1743 2619 2065 2701 sermoni,
2107 2618 2313 2686 faceto
2347 2623 2439 2688 illi
2474 2637 2538 2688 et

661 2738 910 2804 comico
931 2786 956 2819 ‚
998 2738 1110 2803 sed
1148 2736 1461 2802 interioris
1500 2736 1942 2831 philosophiae
1975 2737 2190 2820 plenO.
2232 2738 2536 2806 Fabulam

662 2859 719 2923 is
782 2869 988 2923 narrat
1035 2856 1115 2921 de
1176 2854 1452 2921 hominis
1512 2860 1736 2921 natura
1761 2902 1785 2936 .‚
1821 2856 2025 2937 qualis
2082 2855 2231 2924 olim
2296 2856 2536 2941 fuerit,

660 2994 977 3058 quamque
1040 2973 1269 3038 deinde
1313 2971 1582 3039 subierit
1623 2973 2202 3044 commutationem.
2269 3023 2327 3059 „
2367 2978 2534 3044 Nam

664 3092 861 3171 olim,
920 3087 1177 3171 inquit,
1244 3087 1414 3153 haud
1466 3088 1675 3153 eadem
1717 3088 1878 3170 fuit,
1946 3110 2104 3173 quae
2163 3110 2330 3158 nunc
2386 3108 2528 3174 est,

663 3207 776 3272 sed
818 3204 1087 3272 diversa.
1172 3203 1447 3271 Primum
1488 3205 1652 3271 enim
1692 3206 1811 3272 tria
1858 3222 2029 3273 erant
2065 3208 2388 3276 hominum
2428 3229 2537 3295 ge-

661 3341 857 3402 nera,
897 3338 1030 3387 non
1086 3323 1254 3388 duo:
1303 3322 1454 3388 mari
1514 3338 1577 3388 et
1627 3320 1935 3389 foeminae
1990 3324 2531 3392 accedebatmix-

662 3460 797 3510 tum
838 3460 914 3508 ex
953 3455 1227 3522 utroque
1250 3487 1276 3521 ,
1316 3443 1500 3526 cujus
1542 3457 1772 3505 nomen
1807 3453 2096 3520 superest
2147 3443 2531 3525 ἀνδρόγυνον.

655 3560 902 3628 Deinde
953 3559 1175 3641 integri
1218 3573 1390 3623 erant
1436 3557 1572 3637 illi,
1621 3554 1825 3622 forma
1875 3555 2131 3621 rotundi
2157 3603 2207 3638 ,,
2248 3573 2528 3641 quatuor

659 3677 954 3745 instructi
1000 3673 1288 3751 manibus
1307 3721 1330 3758 ‚
1379 3672 1766 3769 totidemque
1800 3670 2113 3756 pedibus:
2163 3674 2402 3757 duplici
2463 3676 2549 3742 in'

2074 3806 2085 3813 .
2426 3809 2527 3856 ca·

735 3942 814 4006 (π)
854 3941 1043 4013 Symp.
1081 3945 1182 3999 ¹82
1220 3944 1289 3996 A.
1323 3978 1326 3981 Ἴ
1396 3944 1480 4015 (2)
1531 3938 1725 3996 [κιαι-ο
1749 3958 1843 3998 sut
1894 3944 1975 3999 les
2026 3945 2198 4000 desire
2238 3961 2268 3997 ι
2320 3942 2398 3997 Μ.
2435 3941 2526 3998 De

666 4028 857 4109 Sineth
884 4029 1014 4086 Vol.
1053 4032 1101 4087 Ι.
1138 4051 1194 4102 p.
1233 4034 1293 4087 δι
1337 4033 1491 4089 Pari·
1529 4051 1680 4107 ¹⁷9²·
