2792 5167
984 477 1326 539 ..73-

228 639 425 726 Quae·
454 639 808 706 eommunis
863 636 985 704 fuit
1008 677 1016 686 ·
1043 638 1361 704 universae
1404 636 1789 719 antiquitatis
1830 651 2076 704 senten-

227 757 337 824 tia.
466 754 558 822 Et
613 771 762 821 vero
789 797 815 834 ,

528 891 679 962 Quid
705 892 856 962 leget
883 893 1008 944 eine
1041 890 1287 944 moribus

532 980 730 1032 Vanae
752 979 1117 1050 proficiunt?
1158 982 1240 1051 (ι)

234 1104 362 1173 Sed
399 1103 705 1170 cernimus
765 1103 851 1168 ita
902 1102 1088 1169 simul
1113 1151 1137 1184 ‚
1194 1117 1387 1169 totam
1429 1101 1791 1186 philosophi
1832 1104 1909 1169 de
1947 1104 2090 1188 pul·

233 1239 386 1300 cro,
449 1220 525 1285 de
583 1222 756 1286 bono
816 1238 886 1286 ac
946 1222 1026 1286 de
1066 1220 1304 1285 artibus
1344 1218 1804 1304 philosophiam
1848 1234 2087 1284 tantum

233 1338 496 1432 abesse,
561 1353 628 1403 ut
680 1337 1019 1403 theoretica
1060 1339 1143 1403 sit
1190 1310 1498 1420 uniceque
1540 1336 1937 1419 philosophis
1994 1355 2093 1403 re·

232 1453 613 1537 linquenda,
677 1470 749 1520 ut
804 1455 880 1519 ad
921 1472 1022 1519 res
1069 1454 1341 1521 civitatis
1383 1453 1821 1538 gravissimas,
1872 1454 1948 1519 ad
1996 1454 2092 1538 ip·

237 1588 364 1636 sam
428 1572 778 1638 firmandam
842 1573 1048 1653 legum
1120 1571 1547 1636 auctoritatem
1592 1555 1812 1637 valeat.
1898 1572 2094 1657 Quod

238 1690 409 1756 dicto
460 1705 625 1755 recte
688 1687 996 1772 expressit
1050 1689 1456 1753 Xenocrates.
1543 1685 1702 1751 Nam
1727 1734 1749 1767 ‚
1813 1700 1884 1751 ut
1930 1687 2098 1768 apud

148 1861 165 1872 .
239 1806 606 1874 Ciceronem
686 1818 828 1886 est,
901 1821 1043 1869 cum
1131 1817 1529 1883 quaereretur
1605 1819 1681 1867 ex
1750 1820 1868 1876 eo.
1944 1801 2097 1885 quid

239 1937 715 2004 assequerentur
768 1922 904 2005 ejus
981 1919 1317 2002 discipuli,
1393 1920 1791 2002 respondisse
1856 1916 2096 2000 fertur,

245 2051 319 2103 ue
368 2035 443 2102 id
490 2037 616 2104 sud
663 2054 869 2124 sponte
913 2039 1201 2118 facerent
1217 2084 1241 2117 ,
1298 2035 1472 2130 quod
1518 2050 1831 2121 coguntur
1874 2033 2102 2118 fatere

140 2195 149 2204 ·
243 2150 504 2237 legibus.
565 2151 647 2220 (Β)
771 2155 894 2219 Sed
962 2153 1109 2219 illuc
1190 2168 1432 2236 spectat
1503 2154 1773 2218 Platonis
1844 2151 2098 2235 potissi·

247 2287 417 2335 mum
498 2272 629 2354 περὶ
717 2277 822 2340 τοῦ
891 2272 1049 2347 ὄντος
1075 2315 1098 2350 ,
1175 2271 1251 2336 de
1330 2287 1519 2348 vero,
1594 2270 1671 2335 de
1748 2268 2095 2350 disciplinis

245 2401 320 2450 ac
400 2385 477 2451 de
548 2386 781 2452 mundo
855 2393 1033 2474 νοητῷ
1074 2385 1531 2468 philosophia.
1665 2383 2100 2469 Explicuimus

244 2518 423 2581 eam,
489 2516 822 2588 postquam
881 2505 958 2569 de
1024 2503 1307 2584 artibus,
1379 2501 1791 2585 inprimisque
1839 2503 1918 2568 de
1965 2520 2102 2567 mu·

244 2618 380 2684 sica
423 2617 765 2684 dixeramus
822 2622 972 2685 satis
997 2666 1020 2700 ‚
1083 2620 1477 2700 vidimusque
1524 2617 1734 2684 referri
1780 2637 1911 2684 eam
1955 2637 2104 2701 pro-

246 2735 383 2818 prie
444 2737 521 2801 ad
600 2751 764 2801 recte
821 2737 1221 2802 excolendum
1295 2737 1852 2830 erudiendumque·
1897 2735 2104 2801 homi·
2173 2763 2186 2780 ·

250 2871 417 2919 nem.
528 2852 650 2921 Hic
719 2868 918 2917 autem
971 2853 1203 2936 patebit
1256 2853 1492 2933 nobis,
1555 2853 1913 2918 destinatam
1957 2870 2100 2917 ean·

253 2968 389 3033 dem
452 2967 529 3034 ab
586 2983 839 3035 auctore
884 2971 1142 3035 maxime
1201 2988 1338 3035 esse
1389 2972 1467 3036 ad
1527 2972 1866 3036 acuendum
1910 2970 2101 3034 infor·

255 3087 669 3167 mandumque
754 3105 965 3153 eorum
1046 3085 1407 3167 ingenium,
1494 3087 1603 3168 qui
1678 3087 2094 3170 reipublicae,

258 3222 441 3286 quam
484 3203 710 3284 finxit,
752 3200 1173 3287 gubernaculo
1228 3219 1436 3270 essent
1472 3204 1824 3271 adhibendi.
1912 3205 2104 3288 Quod
2155 3263 2162 3266 ,

258 3321 370 3386 ubi
434 3337 515 3386 ex
572 3321 706 3404 ipsa
778 3319 1139 3403 philosophi
1217 3321 1502 3386 doctrina
1583 3326 2100 3403 &posuer-imm,

258 3437 425 3502 haud
460 3436 811 3502 mirabimur
849 3453 997 3501 sane
1021 3482 1044 3515 ,
1087 3435 1176 3502 sic
1223 3437 1301 3501 de
1347 3434 1719 3517 reipublicae
1751 3432 2100 3499 rectoribus

255 3552 697 3638 pronunciasse
738 3554 1095 3633 Platonem,
1143 3568 1211 3620 ut
1260 3551 1440 3617 finem
1484 3549 1762 3616 futurum
1805 3552 2100 3615 malorum

252 3672 321 3737 in
373 3669 731 3738 civitatibus
788 3689 1081 3756 negaret,
1147 3685 1506 3751 anteaquam
1584 3670 1683 3733 vel
1737 3669 2104 3753 philosophi

253 3805 361 3855 eas
396 3805 716 3871 regerent,
779 3790 873 3853 vel
919 3789 1029 3869 qui
1066 3805 1235 3854 nunc
1276 3806 1378 3852 eas
1419 3801 1682 3870 regunt,
1741 3786 2104 3871 philosophi

2009 3922 2106 3970 es·

325 4049 409 4121 (r)
446 4049 636 4106 Horat.
674 4054 856 4105 Cam.
881 4051 1097 4109 [1104.
1129 4068 1209 4107 vu.
1232 4052 1317 4106 56.
1422 4051 1505 4123 (a)
1543 4051 1661 4106 Cic.
1695 4055 1838 4123 Rep.
1861 4052 1909 4105 1.
1944 4069 1993 4104 ο.
2015 4070 2068 4108 a.
