2792 5167
876 464 963 481 ...
1016 440 1259 510 ¹75-

80 612 318 696 quod
367 608 854 694 philosophiae,
898 629 1078 691 quam
1136 609 1429 690 colebat,
1475 629 1660 675 unum
1724 582 2026 678 omnium'

82 726 409 793 maxime
468 723 902 792 conveniebat.
990 726 1207 809 Pergat
1264 725 1456 809 igitur
1496 728 1787 812 deinceps
1834 729 2000 811 apud

79 862 266 909 eum
315 844 380 908 in
426 843 594 908 hunc
631 844 881 907 modum
924 842 1232 907 Socrates.
1326 841 1393 907 Si
1435 844 1626 925 quis,
1671 843 1795 926 ait,
1843 862 1999 925 quae
2095 851 2116 873 ·

76 958 447 1039 diximus,
482 959 914 1042 reprehendit,
957 958 1193 1040 placide
1226 955 1392 1040 ipsi,
1436 977 1563 1025 non
1596 959 1754 1024 enim
1777 959 2000 1029 lubens

82 1091 397 1161 peccat,
461 1074 931 1159 persuadeamus
958 1119 981 1152 ‚
1040 1073 1132 1138 sic
1191 1072 1682 1157 interrogantes:
1744 1093 1999 1154 nonne,

88 1216 141 1261 o
200 1195 430 1275 bone,
478 1208 540 1258 et
578 1194 840 1257 honesta
882 1190 1041 1256 vitae
1075 1189 1357 1255 instituta
1381 1205 1443 1255 et
1466 1191 1708 1274 turpia,
1753 1190 1837 1255 ob
1860 1190 2000 1256 talia

90 1310 616 1394 quaedamesse
653 1307 962 1374 dicimus?
1007 1308 1305 1386 honesta,
1354 1308 1853 1389 quandoquidem
1878 1309 1992 1373 ho-

92 1426 327 1508 mini,
359 1425 483 1491 imo
507 1425 723 1493 divino
748 1467 773 1502 ,
808 1424 980 1505 quod
1012 1423 1173 1489 inest
1210 1424 1448 1489 homini
1469 1469 1493 1503 ,
1530 1422 1786 1490 ferinam
1818 1438 1998 1489 natu-

94 1562 251 1609 ram
278 1540 659 1627 subjiciunt:
705 1542 911 1621 turpia
930 1554 1131 1606 autem
1152 1585 1175 1617 ,
1202 1540 1372 1621 quod
1403 1538 1665 1622 agresti,
1689 1539 1862 1621 quod
1878 1557 1993 1606 no-

97 1660 217 1726 bis
241 1673 371 1735 est,
394 1670 777 1724 mansuetum
800 1656 1146 1738 mancipant
1164 1655 1198 1721 ἳ
1228 1656 1628 1736 consentiet,
1652 1655 1992 1722 necne?—

100 1750 553 1856 Cohsentiet,
609 1773 665 1839 si
709 1772 858 1837 mihi
899 1771 1247 1838 crediderit.
1275 1808 1367 1823 --
1426 1774 1626 1839 Estne
1663 1773 1848 1855 quis,
1887 1774 1994 1839 cui

101 1892 340 1975 prosit
373 1892 487 1957 hac
514 1891 752 1957 ratione
785 1891 1014 1976 injuste
1051 1909 1265 1956 aurum
1307 1886 1626 1971 accipere,
1667 1890 1721 1954 si
1744 1888 1989 1970 quidem

104 2007 360 2075 accidit
386 2053 413 2089 ,
456 2023 526 2072 ut
548 2053 572 2087 ,
635 2028 774 2073 cum
819 2006 1048 2089 accipit
1082 2025 1299 2071 aurum
1325 2053 1351 2088 ,
1412 2006 1990 2088 praestantissimam

100 2126 221 2191 sui
256 2140 494 2208 partem
532 2122 1012 2207 ignobilissimae
1046 2121 1274 2188 servire
1295 2115 1528 2205 cogat?
1568 2123 1726 2187 Sane
1748 2169 1772 2202 ,
1816 2121 1867 2188 si
1894 2141 1995 2187 ac·

104 2239 372 2324 cipiens
410 2258 666 2320 aurum,
704 2239 897 2306 filium
918 2259 1098 2305 suum
1122 2241 1221 2303 vei
1250 2237 1434 2304 filiam
1470 2238 1840 2320 mancipium
1864 2237 1991 2327 efli-

104 2352 295 2425 ceret
334 2355 667 2441 agrestium
714 2372 775 2421 et
810 2355 1236 2438 improborum
1277 2355 1634 2436 hominum,
1679 2354 1994 2435 haudqua-

109 2492 313 2555 quam
341 2471 652 2555 accepisse
674 2474 998 2554 prodesset
1023 2518 1048 2552 ,
1096 2470 1333 2537 etiamsi
1371 2472 1523 2535 adeo
1570 2487 1753 2547 quam
1795 2467 1990 2551 pluri·

112 2608 300 2654 mum
342 2602 505 2654 esset
542 2604 807 2670 nactus;
853 2587 952 2654 sin
986 2607 1137 2653 vero
1162 2604 1392 2669 partem
1419 2587 1516 2652 sui
1540 2583 1985 2654 divinissimam

98 2704 286 2791 ⁶parti
341 2704 809 2787 profanissimae
850 2704 1449 2787 scelestissimaeque
1494 2705 1725 2769 servire
1767 2703 1986 2785 cogit,

112 2837 338 2887 nonne
378 2820 566 2886 miser
608 2821 662 2886 is
712 2821 873 2899 erit,
938 2823 1266 2905 multoque
1323 2820 1540 2905 majori
1594 2821 1818 2885 damno
1867 2839 1986 2885 suo

113 2937 253 3002 auri
296 2936 659 3002 muneribus
705 2955 1078 3020 corruptus,
1148 2958 1330 3018 quam
1370 2937 1723 3021 Eriphyle,
1780 2957 1939 3021 quae
1965 2985 1990 3021 ,

121 3066 195 3118 ut
223 3052 490 3117 salutem
526 3052 723 3117 mariti
762 3054 1089 3135 proderet,
1134 3052 1363 3118 monile
1397 3052 1549 3118 illud
1586 3053 1876 3135 accepit?
1901 3093 1988 3106 -

128 3165 365 3251 Longe
412 3185 559 3232 sane
624 3170 896 3250 maj0re,
945 3185 1015 3234 ut
1049 3187 1168 3253 ego
1199 3170 1313 3235 tibi
1356 3152 1471 3254 pro
1506 3170 1614 3235 illo
1652 3172 1989 3252 responde-

126 3302 253 3349 am.
303 3318 396 3337 -
435 3285 668 3351 Nonne
703 3285 1170 3366 intemperantia
1215 3299 1538 3371 propterea
1584 3285 1712 3351 fere
1743 3262 1989 3369 culpata

126 3414 276 3480 est,
345 3401 636 3481 quoniam
678 3401 739 3465 in
785 3404 854 3466 eti
896 3407 965 3471 τὸ
1002 3406 1177 3472 δεινὸν
1213 3406 1313 3470 καὶ
1356 3408 1426 3472 τὸ
1459 3406 1631 3485 μέγα
1673 3407 1852 3471 ἐκεῖνο
1884 3406 1986 3470 καὶ

127 3523 435 3594 πολυειδὲς
480 3500 711 3603 Opiane
752 3520 904 3601 πέρα
946 3525 1051 3586 τοῦ
1096 3521 1318 3594 δέοντος
1355 3521 1621 3595 dalea-om
1682 3516 1833 3583 dira
1866 3517 1988 3582 t'lla

126 3628 459 3720 lnge'nsquc
487 3651 549 3699 ct
580 3633 909 3719 multiplex
943 3639 1105 3716 sera
1122 3677 1146 3709 ,
1191 3634 1370 3698 ultra
1408 3651 1597 3719 quam
1636 3630 1803 3697 decet
1820 3678 1843 3712 ,
1889 3652 1989 3696 re·

135 3753 474 3818 mittitur?
560 3749 962 3815 Contumacia
1030 3763 1230 3814 autem
1291 3763 1353 3813 et
1409 3748 1739 3815 insolentia
1779 3767 1987 3814 nonne

132 3862 287 3929 hanc
323 3867 403 3929 ob
443 3883 722 3930 caussam
767 3864 1195 3945 improbatur,
1240 3866 1414 3945 quod
1454 3869 1523 3933 τὸ
1564 3868 1872 3942 λεοντῶδές
1912 3894 1983 3936 τε

135 3983 232 4048 καὶ
283 3986 533 4065 ὀφεῶδες
588 3984 842 4063 αὔξηται
886 3982 985 4048 καὶ
1021 3982 1388 4057 συντείνηται
1430 3982 1824 4063 ἀναρμόςωςς
1870 3981 1986 4046 leo·

1883 4117 1979 4160 m-
