2792 5167
321 624 557 678 merare
600 619 666 675 et
709 608 1100 691 supputare?
1179 609 1336 677 Non
1393 624 1536 691 est,
1609 610 1815 697 inquit
1875 611 2173 698 Glauco,

318 726 376 794 si
435 744 624 808 quam
683 724 991 792 minimam
1059 726 1239 794 etiam
1302 727 1627 795 habiturus
1703 730 1786 796 sit
1848 729 1998 799 aciei
2070 730 2172 797 in·

317 842 649 912 struendae
701 840 1053 911 facultatem
1073 890 1098 925 ,
1142 843 1568 929 omninoque,
1611 845 1670 912 si
1707 848 1811 914 vel
1860 849 2030 917 homo
2082 850 2174 917 sit

315 955 595 1026 futurus».
724 959 853 1027 Cui
913 959 1248 1044 Socrates,
1334 976 1676 1048 reputasne
1729 978 1850 1047 tu,
1929 965 2173 1050 inquit,

318 1073 476 1142 idem
529 1075 608 1142 de
657 1075 773 1143 hac
835 1076 1206 1163 disciplina,
1250 1080 1429 1163 quod
1484 1080 1657 1166 ego?
1695 1115 1792 1137 ·-
1830 1078 2008 1169 Quid
2043 1094 2181 1146 tan-

314 1192 454 1260 dem
474 1193 510 1259 2
571 1229 664 1248 -
722 1199 1045 1268 Κινδυνεῦει
1118 1205 1233 1268 τῶν
1291 1202 1435 1284 πρὸς
1489 1180 1614 1277 τὴν·
1652 1200 1846 1277 νόησιν
1903 1199 2178 1280 ae'ydvroev

312 1314 499 1397 φύσει
539 1310 687 1385 εἶναι
726 1309 757 1383 3
795 1316 1125 1400 ζητοῦμεν,
1166 1319 1422 1400 χρῆσθαι
1456 1318 1509 1385 ³·
1544 1317 1730 1390 οὐδεὶς
1768 1316 1933 1400 αὐτῷ
1968 1315 2176 1399 ὅρδῦσ,

311 1432 569 1516 laxa-cxcii
632 1432 753 1500 am
814 1432 1175 1502 παντάπασι
1236 1433 1377 1514 πρὸς
1440 1431 1640 1499 οὐσίαν
1681 1425 1771 1494 (¹³.
1887 1429 1965 1496 ld
2021 1446 2181 1498 vero

318 1559 441 1609 nec
490 1542 741 1610 Glauco
797 1544 1086 1629 intelligit
1137 1543 1446 1610 continuo
1470 1590 1496 1625 ,
1558 1561 1675 1611 nec
1735 1531 2024 1611 Socrates
2075 1542 2188 1609 de-

316 1659 554 1726 clarare
594 1658 717 1725 nisi
755 1658 1090 1727 subtiliore
1131 1658 1557 1742 disputatione
1613 1670 1830 1743 potest
1850 1704 1876 1740 ,
1918 1676 2040 1726 nos
2077 1676 2188 1728 ve·

316 1792 393 1839 ro
444 1793 579 1856 quo
635 1774 848 1859 aptius
902 1774 1285 1860 pleniusque
1324 1794 1469 1840 cum
1528 1775 1982 1861 intelligamus,
2045 1790 2180 1843 tum

321 1904 528 1958 totum
579 1890 789 1958 animo
837 1891 1255 1976 percipiamus
1281 1938 1305 1973 ,
1371 1905 1502 1959 tum
1562 1891 1742 1960 etiam
1795 1910 1954 1975 quae
2008 1892 2183 1961 dein-

314 2025 466 2093 ceps
524 2008 816 2075 Socrates
895 2008 976 2076 de
1030 2007 1417 2092 geometria,
1478 2008 1558 2075 de
1609 2009 1990 2077 astronomia
2012 2056 2038 2092 ,
2100 2009 2183 2077 de

312 2123 637 2190 harmonia
674 2138 741 2191 et
787 2124 1110 2192 dialectica
1159 2124 1448 2193 dicturus
1514 2139 1616 2192 est
1634 2172 1660 2207 ‚
1701 2125 1955 2207 assequi
2020 2145 2189 2207 quo-

324 2240 653 2308 dammodo
713 2241 1071 2326 possimus,
1135 2260 1265 2310 rem
1307 2254 1592 2326 repetere
1634 2243 1826 2326 paulo
1876 2242 2060 2309 altius
2119 2256 2186 2309 et

317 2357 634 2426 attendere
667 2359 789 2427 hoc
831 2349 977 2427 loc'o
1016 2359 1553 2446 Pythagoreorum
1598 2357 1943 2428 doctrinam
1994 2377 2192 2445 opor·

317 2487 435 2542 tet.
647 2537 670 2552 ..

408 2590 823 2662 Orientalium
878 2593 1154 2679 gentium
1176 2638 1203 2675 ‚
1269 2571 1504 2677 quibua
1560 2594 1789 2661 Graeci
1834 2595 2187 2663 debuerunt

321 2709 520 2775 multa
542 2760 563 2791 ,
635 2709 921 2793 quamvis
964 2723 1039 2776 ut
1090 2710 1381 2776 barbaras
1425 2724 1798 2795 spreverunt
1846 2730 1951 2778 eas
2001 2710 2136 2779 fere
2155 2759 2187 2794 ,

324 2823 704 2892 admirabilis
765 2811 1068 2906 quaedam
1113 2825 1241 2890 fuit
1299 2842 1432 2890 non
1493 2824 2021 2910 philosophandi,
2075 2827 2189 2894 sed

324 2937 687 3009 mordendi
734 2938 1016 3006 solertia.
1120 2940 1505 3008 Invenerunt
1552 2954 1753 3008 autem
1816 2940 1921 3008 illa
1977 2933 2199 3028 potis-'

315 3056 548 3124 simum
569 3103 595 3139 ,
682 3073 845 3139 quae
911 3054 989 3122 ad
1049 3055 1216 3124 vitae
1278 3075 1462 3126 usum
1533 3057 1919 3141 pertinerent
1939 3104 1966 3141 ,
2047 3074 2187 3126 tum

316 3192 539 3242 eorum
578 3172 765 3242 etiam
819 3171 993 3239 initu
1014 3220 1041 3255 ,
1085 3190 1247 3257 quae
1290 3174 1530 3241 artibus
1569 3173 1795 3239 deinde
1846 3185 1912 3239 et
1954 3172 2193 3240 doctri·

317 3293 422 3362 nis
471 3290 714 3362 utiliter
766 3290 1045 3359 adhibita
1095 3304 1274 3359 sunt.
1402 3290 1585 3375 Quae
1645 3290 1846 3371 qualia
1899 3287 2136 3357 fuerint
2160 3336 2186 3370 ,

327 3407 511 3477 facile
566 3407 961 3491 assequimur
985 3452 1011 3488 ,
1072 3405 1185 3474 ubi
1239 3407 1393 3473 haec
1448 3405 1585 3490 ipsa
1607 3452 1632 3487 ,
1696 3421 1859 3488 quae
1897 3403 2021 3469 illis
2084 3404 2192 3471 de·

191 3583 208 3588 -
334 3523 600 3592 buerunt
651 3523 931 3605 Graeci,
973 3540 1225 3606 nosque
1261 3522 1411 3588 item
1461 3534 1683 3604 postea
1709 3520 1788 3586 ab
1833 3516 2054 3586 iisdem
2092 3537 2192 3584 ac-

331 3640 657 3725 cepimus,
697 3656 1082 3725 reputamus.
1163 3639 1237 3704 In
1274 3639 1375 3706 his
1412 3651 1485 3706 ut
1514 3636 1731 3703 literae
1772 3648 1961 3720 sunt,
2004 3654 2197 3719 quae-

335 3774 469 3843 que
527 3755 956 3843 agriculturam
1025 3770 1319 3838 artesque
1399 3751 1787 3821 mechanicas
1858 3769 2141 3841 spectant
2165 3804 2194 3838 ,

2108 3871 2193 3943 ita

423 4007 504 4079 (ι)
543 4005 629 4060 De
668 4007 801 4078 Rep.
839 4007 979 4065 vn.
1010 4007 1133 4066 521.
1165 4005 1244 4063 D.
1284 4030 1360 4050 —
1390 4001 1509 4064 523·
1544 4006 1614 4066 A.
