<?xml version="1.0" encoding="UTF-8"?>
<!DOCTYPE html PUBLIC "-//W3C//DTD XHTML 1.0 Transitional//EN"
    "http://www.w3.org/TR/xhtml1/DTD/xhtml1-transitional.dtd">
<html xmlns="http://www.w3.org/1999/xhtml" xml:lang="en" lang="en">
 <head>
  <title>
</title>
<meta http-equiv="Content-Type" content="text/html;charset=utf-8" />
  <meta name='ocr-system' content='tesseract 3.04.00' />
  <meta name='ocr-capabilities' content='ocr_page ocr_carea ocr_par ocr_line ocrx_word'/>
</head>
<body>
  <div class='ocr_page' id='page_1' title='image "./initiaphilosoph05heusgoog_0175.png"; bbox 0 0 2792 5167; ppageno 0'>
   <div class='ocr_carea' id='block_1_1' title="bbox 1388 434 1789 497">
    <p class='ocr_par' dir='ltr' id='par_1_1' title="bbox 1388 434 1789 497">
     <span class='ocr_line' id='line_1_1' title="bbox 1388 434 1789 497; baseline -0.002 -1"><span class='ocrx_word' id='word_1_1' title='bbox 1388 434 1789 497; x_wconf 78' lang='lat'>—168—</span> 
     </span>
    </p>
   </div>
   <div class='ocr_carea' id='block_1_2' title="bbox 645 609 2540 2330">
    <p class='ocr_par' dir='ltr' id='par_1_2' title="bbox 645 609 2540 2330">
     <span class='ocr_line' id='line_1_2' title="bbox 657 609 2512 696; baseline 0.003 -23"><span class='ocrx_word' id='word_1_2' title='bbox 657 628 734 673; x_wconf 72' lang='lat' dir='ltr'><strong>ex</strong></span> <span class='ocrx_word' id='word_1_3' title='bbox 812 609 912 675; x_wconf 87' lang='lat' dir='ltr'><strong>his</strong></span> <span class='ocrx_word' id='word_1_4' title='bbox 974 624 1175 677; x_wconf 81' lang='lat' dir='ltr'><strong>autem</strong></span> <span class='ocrx_word' id='word_1_5' title='bbox 1229 631 1361 694; x_wconf 82' lang='lat' dir='ltr'><strong>quo</strong></span> <span class='ocrx_word' id='word_1_6' title='bbox 1416 611 1608 696; x_wconf 83' lang='lat' dir='ltr'><strong>magis</strong></span> <span class='ocrx_word' id='word_1_7' title='bbox 1665 613 2101 695; x_wconf 78' lang='lat' dir='ltr'><strong>interrogando</strong></span> <span class='ocrx_word' id='word_1_8' title='bbox 2162 612 2338 679; x_wconf 91' lang='lat' dir='ltr'><strong>elicit</strong></span> <span class='ocrx_word' id='word_1_9' title='bbox 2396 613 2512 679; x_wconf 85' lang='lat' dir='ltr'><strong>So-</strong></span> 
     </span>
     <span class='ocr_line' id='line_1_3' title="bbox 659 726 2523 821; baseline 0.004 -33"><span class='ocrx_word' id='word_1_10' title='bbox 659 742 911 806; x_wconf 81' lang='lat' dir='ltr'>crates,</span> <span class='ocrx_word' id='word_1_11' title='bbox 977 746 1133 821; x_wconf 78' lang='lat' dir='ltr'><strong>quae</strong></span> <span class='ocrx_word' id='word_1_12' title='bbox 1186 726 1265 792; x_wconf 87' lang='lat' dir='ltr'><strong>iis</strong></span> <span class='ocrx_word' id='word_1_13' title='bbox 1327 727 1546 795; x_wconf 86' lang='lat' dir='ltr'><strong>insunt</strong></span> <span class='ocrx_word' id='word_1_14' title='bbox 1604 734 1870 809; x_wconf 71' lang='lat' dir='ltr'><strong>natura,</strong></span> <span class='ocrx_word' id='word_1_15' title='bbox 1915 749 1992 794; x_wconf 91' lang='lat' dir='ltr'><strong>eo</strong></span> <span class='ocrx_word' id='word_1_16' title='bbox 2035 728 2168 795; x_wconf 84' lang='lat' dir='ltr'><strong>fere</strong></span> <span class='ocrx_word' id='word_1_17' title='bbox 2200 729 2372 796; x_wconf 86' lang='lat' dir='ltr'><strong>intus</strong></span> <span class='ocrx_word' id='word_1_18' title='bbox 2414 750 2523 813; x_wconf 85' lang='lat' dir='ltr'><strong>ap-</strong></span> 
     </span>
     <span class='ocr_line' id='line_1_4' title="bbox 658 843 2527 935; baseline 0.003 -30"><span class='ocrx_word' id='word_1_19' title='bbox 658 857 870 924; x_wconf 82' lang='lat' dir='ltr'>parent</span> <span class='ocrx_word' id='word_1_20' title='bbox 905 843 1286 926; x_wconf 66' lang='lat' dir='ltr'><strong>pulerioroe:</strong></span> <span class='ocrx_word' id='word_1_21' title='bbox 1334 846 1510 927; x_wconf 88' lang='lat' dir='ltr'><strong>quod</strong></span> <span class='ocrx_word' id='word_1_22' title='bbox 1544 845 1739 911; x_wconf 87' lang='lat' dir='ltr'><strong>rubor</strong></span> <span class='ocrx_word' id='word_1_23' title='bbox 1782 845 2052 912; x_wconf 87' lang='lat' dir='ltr'>subinde</span> <span class='ocrx_word' id='word_1_24' title='bbox 2112 847 2360 935; x_wconf 81' lang='lat' dir='ltr'>prodit,</span> <span class='ocrx_word' id='word_1_25' title='bbox 2406 866 2527 930; x_wconf 89' lang='lat' dir='ltr'><strong>pu-</strong></span> 
     </span>
     <span class='ocr_line' id='line_1_5' title="bbox 656 959 2527 1042; baseline 0.004 -21"><span class='ocrx_word' id='word_1_26' title='bbox 656 959 826 1021; x_wconf 77' lang='lat' dir='ltr'><strong>doris</strong></span> <span class='ocrx_word' id='word_1_27' title='bbox 888 960 1299 1042; x_wconf 83' lang='lat' dir='ltr'><strong>generosique</strong></span> <span class='ocrx_word' id='word_1_28' title='bbox 1337 960 1526 1027; x_wconf 87' lang='lat' dir='ltr'><strong>animi</strong></span> <span class='ocrx_word' id='word_1_29' title='bbox 1574 962 1897 1029; x_wconf 89' lang='lat' dir='ltr'><strong>indicium.</strong></span> <span class='ocrx_word' id='word_1_30' title='bbox 1993 965 2325 1031; x_wconf 72' lang='lat' dir='ltr'><strong>Sermones</strong></span> <span class='ocrx_word' id='word_1_31' title='bbox 2374 980 2527 1031; x_wconf 87' lang='lat' dir='ltr'><strong>sunt</strong></span> 
     </span>
     <span class='ocr_line' id='line_1_6' title="bbox 656 1077 2525 1165; baseline 0.003 -25"><span class='ocrx_word' id='word_1_32' title='bbox 656 1077 732 1140; x_wconf 86' lang='lat' dir='ltr'><strong>de</strong></span> <span class='ocrx_word' id='word_1_33' title='bbox 767 1077 1032 1158; x_wconf 81' lang='lat' dir='ltr'><strong>pulcro,</strong></span> <span class='ocrx_word' id='word_1_34' title='bbox 1074 1077 1152 1143; x_wconf 90' lang='lat' dir='ltr'><strong>de</strong></span> <span class='ocrx_word' id='word_1_35' title='bbox 1194 1096 1448 1159; x_wconf 87' lang='lat' dir='ltr'><strong>amore,</strong></span> <span class='ocrx_word' id='word_1_36' title='bbox 1492 1080 1603 1143; x_wconf 86' lang='lat' dir='ltr'><strong>sed</strong></span> <span class='ocrx_word' id='word_1_37' title='bbox 1636 1078 1900 1145; x_wconf 81' lang='lat' dir='ltr'>maxime</span> <span class='ocrx_word' id='word_1_38' title='bbox 1953 1081 2031 1145; x_wconf 89' lang='lat' dir='ltr'><strong>de</strong></span> <span class='ocrx_word' id='word_1_39' title='bbox 2072 1080 2525 1165; x_wconf 78' lang='lat' dir='ltr'><strong>temperantia,</strong></span> 
     </span>
     <span class='ocr_line' id='line_1_7' title="bbox 645 1192 2533 1281; baseline 0.004 -27"><span class='ocrx_word' id='word_1_40' title='bbox 645 1192 938 1275; x_wconf 49' lang='lat' dir='ltr'><strong>iustitia,</strong></span> <span class='ocrx_word' id='word_1_41' title='bbox 995 1192 1366 1260; x_wconf 82' lang='lat' dir='ltr'><strong>fortitudine</strong></span> <span class='ocrx_word' id='word_1_42' title='bbox 1384 1242 1410 1277; x_wconf 93' lang='lat'><strong>,</strong></span> <span class='ocrx_word' id='word_1_43' title='bbox 1465 1195 1769 1279; x_wconf 80' lang='lat' dir='ltr'><strong>sapientia</strong></span> <span class='ocrx_word' id='word_1_44' title='bbox 1792 1243 1817 1277; x_wconf 95' lang='lat'><strong>,</strong></span> <span class='ocrx_word' id='word_1_45' title='bbox 1878 1197 2002 1281; x_wconf 89' lang='lat' dir='ltr'><strong>ipsi</strong></span> <span class='ocrx_word' id='word_1_46' title='bbox 2060 1198 2344 1264; x_wconf 85' lang='lat' dir='ltr'><strong>amatorii</strong></span> <span class='ocrx_word' id='word_1_47' title='bbox 2396 1217 2533 1263; x_wconf 87' lang='lat' dir='ltr'><strong>ser·-</strong></span> 
     </span>
     <span class='ocr_line' id='line_1_8' title="bbox 652 1310 2530 1395; baseline 0.002 -20"><span class='ocrx_word' id='word_1_48' title='bbox 652 1328 876 1376; x_wconf 65' lang='lat' dir='ltr'><strong>monoe</strong></span> <span class='ocrx_word' id='word_1_49' title='bbox 922 1310 1005 1376; x_wconf 89' lang='lat' dir='ltr'><strong>ad</strong></span> <span class='ocrx_word' id='word_1_50' title='bbox 1049 1310 1519 1395; x_wconf 79' lang='lat' dir='ltr'><strong>temperantiam</strong></span> <span class='ocrx_word' id='word_1_51' title='bbox 1577 1314 1817 1379; x_wconf 88' lang='lat' dir='ltr'><strong>ducunt</strong></span> <span class='ocrx_word' id='word_1_52' title='bbox 1854 1329 1917 1380; x_wconf 90' lang='lat' dir='ltr'><strong>et</strong></span> <span class='ocrx_word' id='word_1_53' title='bbox 1973 1315 2174 1380; x_wconf 84' lang='lat' dir='ltr'><strong>nullas</strong></span> <span class='ocrx_word' id='word_1_54' title='bbox 2215 1330 2345 1378; x_wconf 90' lang='lat' dir='ltr'><strong>non</strong></span> <span class='ocrx_word' id='word_1_55' title='bbox 2397 1313 2530 1381; x_wconf 87' lang='lat' dir='ltr'><strong>vir-</strong></span> 
     </span>
     <span class='ocr_line' id='line_1_9' title="bbox 651 1429 2527 1517; baseline 0.001 -25"><span class='ocrx_word' id='word_1_56' title='bbox 651 1444 849 1495; x_wconf 76' lang='lat' dir='ltr'><strong>tutes,</strong></span> <span class='ocrx_word' id='word_1_57' title='bbox 929 1429 1182 1515; x_wconf 83' lang='lat' dir='ltr'><strong>Quodsi</strong></span> <span class='ocrx_word' id='word_1_58' title='bbox 1237 1446 1585 1497; x_wconf 89' lang='lat' dir='ltr'><strong>occurrunt</strong></span> <span class='ocrx_word' id='word_1_59' title='bbox 1633 1430 1941 1512; x_wconf 85' lang='lat' dir='ltr'><strong>subinde,</strong></span> <span class='ocrx_word' id='word_1_60' title='bbox 2018 1450 2178 1517; x_wconf 85' lang='lat' dir='ltr'><strong>quae</strong></span> <span class='ocrx_word' id='word_1_61' title='bbox 2226 1430 2527 1495; x_wconf 81' lang='lat' dir='ltr'><strong>lascivius</strong></span> 
     </span>
     <span class='ocr_line' id='line_1_10' title="bbox 657 1520 2533 1634; baseline 0.004 -26"><span class='ocrx_word' id='word_1_62' title='bbox 657 1543 988 1612; x_wconf 76' lang='lat' dir='ltr'><strong>videantur</strong></span> <span class='ocrx_word' id='word_1_63' title='bbox 1027 1546 1190 1614; x_wconf 83' lang='lat' dir='ltr'><strong>dicta</strong></span> <span class='ocrx_word' id='word_1_64' title='bbox 1231 1548 1547 1631; x_wconf 89' lang='lat' dir='ltr'><strong>nobisque</strong></span> <span class='ocrx_word' id='word_1_65' title='bbox 1609 1520 2023 1634; x_wconf 51' lang='lat' dir='ltr'><strong>displiceant}</strong></span> <span class='ocrx_word' id='word_1_66' title='bbox 2070 1564 2421 1634; x_wconf 82' lang='lat' dir='ltr'><strong>temporum</strong></span> <span class='ocrx_word' id='word_1_67' title='bbox 2464 1547 2533 1616; x_wconf 88' lang='lat' dir='ltr'><strong>id</strong></span> 
     </span>
     <span class='ocr_line' id='line_1_11' title="bbox 655 1661 2539 1746; baseline 0 -21"><span class='ocrx_word' id='word_1_68' title='bbox 655 1661 882 1726; x_wconf 84' lang='lat' dir='ltr'><strong>rationi</strong></span> <span class='ocrx_word' id='word_1_69' title='bbox 921 1675 987 1727; x_wconf 91' lang='lat' dir='ltr'><strong>et</strong></span> <span class='ocrx_word' id='word_1_70' title='bbox 1053 1666 1380 1744; x_wconf 71' lang='lat' dir='ltr'><strong>poetarum</strong></span> <span class='ocrx_word' id='word_1_71' title='bbox 1448 1664 1785 1746; x_wconf 80' lang='lat' dir='ltr'><strong>exemplis,</strong></span> <span class='ocrx_word' id='word_1_72' title='bbox 1829 1681 1960 1729; x_wconf 87' lang='lat' dir='ltr'><strong>non</strong></span> <span class='ocrx_word' id='word_1_73' title='bbox 2017 1661 2342 1746; x_wconf 87' lang='lat' dir='ltr'><strong>scriptoris</strong></span> <span class='ocrx_word' id='word_1_74' title='bbox 2385 1679 2539 1746; x_wconf 88' lang='lat' dir='ltr'><strong>pro·</strong></span> 
     </span>
     <span class='ocr_line' id='line_1_12' title="bbox 656 1777 2534 1859; baseline 0.002 -21"><span class='ocrx_word' id='word_1_75' title='bbox 656 1777 898 1859; x_wconf 57' lang='lat' dir='ltr'><strong>posito,</strong></span> <span class='ocrx_word' id='word_1_76' title='bbox 939 1778 1333 1843; x_wconf 87' lang='lat' dir='ltr'><strong>tribuendum</strong></span> <span class='ocrx_word' id='word_1_77' title='bbox 1381 1793 1505 1844; x_wconf 88' lang='lat' dir='ltr'><strong>est.</strong></span> <span class='ocrx_word' id='word_1_78' title='bbox 1592 1779 1866 1844; x_wconf 80' lang='lat' dir='ltr'><strong>Exstant</strong></span> <span class='ocrx_word' id='word_1_79' title='bbox 1932 1778 2041 1844; x_wconf 85' lang='lat' dir='ltr'><strong>illa</strong></span> <span class='ocrx_word' id='word_1_80' title='bbox 2112 1778 2179 1842; x_wconf 89' lang='lat' dir='ltr'><strong>in</strong></span> <span class='ocrx_word' id='word_1_81' title='bbox 2247 1779 2534 1846; x_wconf 86' lang='lat' dir='ltr'><strong>Phaedro</strong></span> 
     </span>
     <span class='ocr_line' id='line_1_13' title="bbox 660 1893 2534 1980; baseline 0 -22"><span class='ocrx_word' id='word_1_82' title='bbox 660 1893 963 1973; x_wconf 79' lang='lat' dir='ltr'><strong>maxime,</strong></span> <span class='ocrx_word' id='word_1_83' title='bbox 1013 1893 1280 1959; x_wconf 81' lang='lat' dir='ltr'><strong>subinde</strong></span> <span class='ocrx_word' id='word_1_84' title='bbox 1316 1893 1501 1961; x_wconf 88' lang='lat' dir='ltr'><strong>etiam</strong></span> <span class='ocrx_word' id='word_1_85' title='bbox 1542 1895 1607 1960; x_wconf 89' lang='lat' dir='ltr'><strong>in</strong></span> <span class='ocrx_word' id='word_1_86' title='bbox 1638 1894 2018 1980; x_wconf 81' lang='lat' dir='ltr'><strong>Symposio:</strong></span> <span class='ocrx_word' id='word_1_87' title='bbox 2066 1909 2330 1976; x_wconf 86' lang='lat' dir='ltr'><strong>uterque</strong></span> <span class='ocrx_word' id='word_1_88' title='bbox 2376 1912 2534 1958; x_wconf 84' lang='lat' dir='ltr'><strong>vero</strong></span> 
     </span>
     <span class='ocr_line' id='line_1_14' title="bbox 661 2010 2540 2097; baseline 0.002 -24"><span class='ocrx_word' id='word_1_89' title='bbox 661 2010 947 2093; x_wconf 74' lang='lat' dir='ltr'><strong>dialogus</strong></span> <span class='ocrx_word' id='word_1_90' title='bbox 1013 2030 1089 2076; x_wconf 91' lang='lat' dir='ltr'><strong>eo</strong></span> <span class='ocrx_word' id='word_1_91' title='bbox 1125 2011 1394 2078; x_wconf 81' lang='lat' dir='ltr'><strong>maxime</strong></span> <span class='ocrx_word' id='word_1_92' title='bbox 1436 2012 1707 2078; x_wconf 88' lang='lat' dir='ltr'><strong>consilio</strong></span> <span class='ocrx_word' id='word_1_93' title='bbox 1753 2012 2030 2097; x_wconf 85' lang='lat' dir='ltr'><strong>scriptus</strong></span> <span class='ocrx_word' id='word_1_94' title='bbox 2068 2026 2163 2077; x_wconf 87' lang='lat' dir='ltr'><strong>est</strong></span> <span class='ocrx_word' id='word_1_95' title='bbox 2187 2059 2212 2092; x_wconf 87' lang='lat'><strong>,</strong></span> <span class='ocrx_word' id='word_1_96' title='bbox 2254 2026 2328 2077; x_wconf 88' lang='lat' dir='ltr'><strong>ut</strong></span> <span class='ocrx_word' id='word_1_97' title='bbox 2360 2031 2540 2077; x_wconf 88' lang='lat' dir='ltr'><strong>amo·</strong></span> 
     </span>
     <span class='ocr_line' id='line_1_15' title="bbox 658 2127 2539 2213; baseline 0.001 -20"><span class='ocrx_word' id='word_1_98' title='bbox 658 2128 712 2193; x_wconf 87' lang='lat' dir='ltr'><strong>ri</strong></span> <span class='ocrx_word' id='word_1_99' title='bbox 769 2129 1011 2211; x_wconf 80' lang='lat' dir='ltr'><strong>vulgari</strong></span> <span class='ocrx_word' id='word_1_100' title='bbox 1052 2128 1327 2198; x_wconf 83' lang='lat' dir='ltr'><strong>Uranius</strong></span> <span class='ocrx_word' id='word_1_101' title='bbox 1371 2147 1796 2213; x_wconf 88' lang='lat' dir='ltr'><strong>opponeretur</strong></span> <span class='ocrx_word' id='word_1_102' title='bbox 1831 2148 2050 2211; x_wconf 86' lang='lat' dir='ltr'><strong>amor,</strong></span> <span class='ocrx_word' id='word_1_103' title='bbox 2094 2128 2207 2211; x_wconf 89' lang='lat' dir='ltr'><strong>qui</strong></span> <span class='ocrx_word' id='word_1_104' title='bbox 2246 2127 2539 2212; x_wconf 82' lang='lat' dir='ltr'><strong>proxime</strong></span> 
     </span>
     <span class='ocr_line' id='line_1_16' title="bbox 660 2244 2539 2330; baseline 0 -21"><span class='ocrx_word' id='word_1_105' title='bbox 660 2263 756 2310; x_wconf 75' lang='lat' dir='ltr'><strong>est</strong></span> <span class='ocrx_word' id='word_1_106' title='bbox 793 2264 937 2310; x_wconf 86' lang='lat' dir='ltr'><strong>cum</strong></span> <span class='ocrx_word' id='word_1_107' title='bbox 971 2245 1201 2311; x_wconf 88' lang='lat' dir='ltr'><strong>virtute</strong></span> <span class='ocrx_word' id='word_1_108' title='bbox 1255 2261 1316 2310; x_wconf 89' lang='lat' dir='ltr'><strong>et</strong></span> <span class='ocrx_word' id='word_1_109' title='bbox 1351 2247 1576 2326; x_wconf 88' lang='lat' dir='ltr'><strong>pulcro</strong></span> <span class='ocrx_word' id='word_1_110' title='bbox 1604 2244 1817 2311; x_wconf 85' lang='lat' dir='ltr'><strong>morali</strong></span> <span class='ocrx_word' id='word_1_111' title='bbox 1865 2246 2239 2330; x_wconf 83' lang='lat' dir='ltr'><strong>conjunctus</strong></span> <span class='ocrx_word' id='word_1_112' title='bbox 2282 2260 2346 2310; x_wconf 93' lang='lat' dir='ltr'><strong>et</strong></span> <span class='ocrx_word' id='word_1_113' title='bbox 2381 2264 2539 2329; x_wconf 88' lang='lat' dir='ltr'><strong>cog-</strong></span> 
     </span>
    </p>
   </div>
   <div class='ocr_carea' id='block_1_3' title="bbox 658 2360 2635 2446">
    <p class='ocr_par' dir='ltr' id='par_1_3' title="bbox 658 2360 2635 2446">
     <span class='ocr_line' id='line_1_17' title="bbox 658 2360 2635 2446; baseline 0.002 -20"><span class='ocrx_word' id='word_1_114' title='bbox 658 2380 870 2428; x_wconf 84' lang='lat' dir='ltr'><strong>natus.</strong></span> <span class='ocrx_word' id='word_1_115' title='bbox 979 2361 1257 2428; x_wconf 85' lang='lat' dir='ltr'><strong>Omnino</strong></span> <span class='ocrx_word' id='word_1_116' title='bbox 1281 2411 1306 2445; x_wconf 88' lang='lat'><strong>,</strong></span> <span class='ocrx_word' id='word_1_117' title='bbox 1369 2362 1545 2446; x_wconf 91' lang='lat' dir='ltr'><strong>quod</strong></span> <span class='ocrx_word' id='word_1_118' title='bbox 1576 2400 1585 2405; x_wconf 93' lang='lat'>-</span> <span class='ocrx_word' id='word_1_119' title='bbox 1617 2363 1827 2429; x_wconf 84' lang='lat' dir='ltr'><strong>laudat</strong></span> <span class='ocrx_word' id='word_1_120' title='bbox 1884 2363 2060 2430; x_wconf 85' lang='lat' dir='ltr'><strong>Plato</strong></span> <span class='ocrx_word' id='word_1_121' title='bbox 2136 2361 2539 2445; x_wconf 84' lang='lat' dir='ltr'><strong>maximeque</strong></span> <span class='ocrx_word' id='word_1_122' title='bbox 2630 2360 2635 2367; x_wconf 82' lang='grc'><em>’</em></span> 
     </span>
    </p>
   </div>
   <div class='ocr_carea' id='block_1_4' title="bbox 649 2478 2547 4185">
    <p class='ocr_par' dir='ltr' id='par_1_4' title="bbox 649 2478 2547 4086">
     <span class='ocr_line' id='line_1_18' title="bbox 656 2478 2539 2563; baseline 0 -19"><span class='ocrx_word' id='word_1_123' title='bbox 656 2482 1093 2561; x_wconf 85' lang='lat' dir='ltr'><strong>commendat,</strong></span> <span class='ocrx_word' id='word_1_124' title='bbox 1156 2481 1559 2563; x_wconf 81' lang='lat' dir='ltr'><strong>spectandum</strong></span> <span class='ocrx_word' id='word_1_125' title='bbox 1596 2479 1663 2546; x_wconf 90' lang='lat' dir='ltr'><strong>id</strong></span> <span class='ocrx_word' id='word_1_126' title='bbox 1714 2478 1902 2547; x_wconf 88' lang='lat' dir='ltr'><strong>nobis</strong></span> <span class='ocrx_word' id='word_1_127' title='bbox 1945 2479 2247 2562; x_wconf 87' lang='lat' dir='ltr'><strong>proponit</strong></span> <span class='ocrx_word' id='word_1_128' title='bbox 2290 2479 2355 2544; x_wconf 91' lang='lat' dir='ltr'><strong>in</strong></span> <span class='ocrx_word' id='word_1_129' title='bbox 2402 2480 2539 2545; x_wconf 84' lang='lat' dir='ltr'><strong>dia·</strong></span> 
     </span>
     <span class='ocr_line' id='line_1_19' title="bbox 660 2594 2537 2679; baseline -0.001 -18"><span class='ocrx_word' id='word_1_130' title='bbox 660 2600 950 2679; x_wconf 79' lang='lat' dir='ltr'><strong>iugorum</strong></span> <span class='ocrx_word' id='word_1_131' title='bbox 1014 2597 1332 2679; x_wconf 76' lang='lat' dir='ltr'><strong>personis.</strong></span> <span class='ocrx_word' id='word_1_132' title='bbox 1422 2597 1720 2663; x_wconf 85' lang='lat' dir='ltr'><strong>Amorem</strong></span> <span class='ocrx_word' id='word_1_133' title='bbox 1792 2595 1961 2661; x_wconf 86' lang='lat' dir='ltr'><strong>hunc</strong></span> <span class='ocrx_word' id='word_1_134' title='bbox 2037 2594 2345 2660; x_wconf 88' lang='lat' dir='ltr'><strong>Uranium</strong></span> <span class='ocrx_word' id='word_1_135' title='bbox 2400 2612 2537 2660; x_wconf 89' lang='lat' dir='ltr'><strong>non</strong></span> 
     </span>
     <span class='ocr_line' id='line_1_20' title="bbox 649 2709 2543 2800; baseline -0.003 -21"><span class='ocrx_word' id='word_1_136' title='bbox 649 2714 1042 2800; x_wconf 79' lang='lat' dir='ltr'><strong>descriptum</strong></span> <span class='ocrx_word' id='word_1_137' title='bbox 1111 2713 1398 2781; x_wconf 86' lang='lat' dir='ltr'><strong>videmus</strong></span> <span class='ocrx_word' id='word_1_138' title='bbox 1468 2728 1703 2780; x_wconf 84' lang='lat' dir='ltr'><strong>tantum</strong></span> <span class='ocrx_word' id='word_1_139' title='bbox 1763 2711 1830 2777; x_wconf 92' lang='lat' dir='ltr'><strong>in</strong></span> <span class='ocrx_word' id='word_1_140' title='bbox 1891 2713 2025 2796; x_wconf 86' lang='lat' dir='ltr'><strong>ejus</strong></span> <span class='ocrx_word' id='word_1_141' title='bbox 2066 2709 2245 2775; x_wconf 88' lang='lat' dir='ltr'><strong>libris</strong></span> <span class='ocrx_word' id='word_1_142' title='bbox 2273 2757 2298 2791; x_wconf 98' lang='lat'><strong>,</strong></span> <span class='ocrx_word' id='word_1_143' title='bbox 2359 2710 2543 2791; x_wconf 84' lang='lat' dir='ltr'><strong>quod</strong></span> 
     </span>
     <span class='ocr_line' id='line_1_21' title="bbox 655 2802 2544 2919; baseline -0.004 -20"><span class='ocrx_word' id='word_1_144' title='bbox 655 2831 899 2900; x_wconf 84' lang='lat' dir='ltr'><strong>faciunt</strong></span> <span class='ocrx_word' id='word_1_145' title='bbox 954 2833 1313 2913; x_wconf 79' lang='lat' dir='ltr'><strong>Phaedrus,</strong></span> <span class='ocrx_word' id='word_1_146' title='bbox 1356 2829 1686 2899; x_wconf 82' lang='lat' dir='ltr'><strong>Pausanias</strong></span> <span class='ocrx_word' id='word_1_147' title='bbox 1740 2843 1807 2893; x_wconf 90' lang='lat' dir='ltr'><strong>et</strong></span> <span class='ocrx_word' id='word_1_148' title='bbox 1858 2802 2031 2897; x_wconf 73' lang='lat' dir='ltr'><strong>mira.</strong></span> <span class='ocrx_word' id='word_1_149' title='bbox 2050 2824 2349 2919; x_wconf 68' lang='lat' dir='ltr'><strong>elegantia</strong></span> <span class='ocrx_word' id='word_1_150' title='bbox 2376 2873 2401 2907; x_wconf 89' lang='lat'><strong>,</strong></span> <span class='ocrx_word' id='word_1_151' title='bbox 2468 2841 2544 2892; x_wconf 90' lang='lat' dir='ltr'><strong>ut</strong></span> 
     </span>
     <span class='ocr_line' id='line_1_22' title="bbox 655 2942 2540 3029; baseline -0.003 -15"><span class='ocrx_word' id='word_1_152' title='bbox 655 2950 852 3014; x_wconf 82' lang='lat' dir='ltr'><strong>modo</strong></span> <span class='ocrx_word' id='word_1_153' title='bbox 893 2949 1204 3025; x_wconf 80' lang='lat' dir='ltr'><strong>diximus,</strong></span> <span class='ocrx_word' id='word_1_154' title='bbox 1249 2948 1553 3029; x_wconf 81' lang='lat' dir='ltr'><strong>Agath03</strong></span> <span class='ocrx_word' id='word_1_155' title='bbox 1600 2945 1713 3011; x_wconf 89' lang='lat' dir='ltr'><strong>sed</strong></span> <span class='ocrx_word' id='word_1_156' title='bbox 1748 2943 2108 3027; x_wconf 83' lang='lat' dir='ltr'><strong>exprimunt</strong></span> <span class='ocrx_word' id='word_1_157' title='bbox 2151 2962 2290 3007; x_wconf 88' lang='lat' dir='ltr'><strong>eum</strong></span> <span class='ocrx_word' id='word_1_158' title='bbox 2331 2942 2540 3008; x_wconf 88' lang='lat' dir='ltr'><strong>mores</strong></span> 
     </span>
     <span class='ocr_line' id='line_1_23' title="bbox 659 3059 2543 3143; baseline -0.002 -15"><span class='ocrx_word' id='word_1_159' title='bbox 659 3082 722 3130; x_wconf 87' lang='lat' dir='ltr'><strong>et</strong></span> <span class='ocrx_word' id='word_1_160' title='bbox 771 3083 1089 3128; x_wconf 84' lang='lat' dir='ltr'><strong>sermones</strong></span> <span class='ocrx_word' id='word_1_161' title='bbox 1127 3065 1443 3143; x_wconf 85' lang='lat' dir='ltr'><strong>Socratis,</strong></span> <span class='ocrx_word' id='word_1_162' title='bbox 1489 3065 1599 3127; x_wconf 86' lang='lat' dir='ltr'><strong>sed</strong></span> <span class='ocrx_word' id='word_1_163' title='bbox 1648 3061 1927 3133; x_wconf 81' lang='lat' dir='ltr'><strong>referunt</strong></span> <span class='ocrx_word' id='word_1_164' title='bbox 1960 3080 2099 3125; x_wconf 89' lang='lat' dir='ltr'><strong>eum</strong></span> <span class='ocrx_word' id='word_1_165' title='bbox 2146 3063 2374 3142; x_wconf 79' lang='lat' dir='ltr'><strong>plane,</strong></span> <span class='ocrx_word' id='word_1_166' title='bbox 2430 3059 2543 3141; x_wconf 85' lang='lat' dir='ltr'><strong>qui</strong></span> 
     </span>
     <span class='ocr_line' id='line_1_24' title="bbox 653 3178 2546 3259; baseline -0.002 -16"><span class='ocrx_word' id='word_1_167' title='bbox 653 3197 794 3244; x_wconf 88' lang='lat' dir='ltr'><strong>cum</strong></span> <span class='ocrx_word' id='word_1_168' title='bbox 863 3180 1119 3245; x_wconf 84' lang='lat' dir='ltr'><strong>Socrate</strong></span> <span class='ocrx_word' id='word_1_169' title='bbox 1194 3180 1647 3259; x_wconf 86' lang='lat' dir='ltr'><strong>colloquuntur</strong></span> <span class='ocrx_word' id='word_1_170' title='bbox 1681 3226 1702 3255; x_wconf 81' lang='lat'>‚</span> <span class='ocrx_word' id='word_1_171' title='bbox 1794 3179 2246 3242; x_wconf 77' lang='lat' dir='ltr'><strong>adolescentes.</strong></span> <span class='ocrx_word' id='word_1_172' title='bbox 2381 3178 2546 3243; x_wconf 88' lang='lat' dir='ltr'><strong>Cer-</strong></span> 
     </span>
     <span class='ocr_line' id='line_1_25' title="bbox 653 3291 2542 3374; baseline -0.004 -13"><span class='ocrx_word' id='word_1_173' title='bbox 653 3317 802 3363; x_wconf 86' lang='lat' dir='ltr'><strong>nere</strong></span> <span class='ocrx_word' id='word_1_174' title='bbox 838 3295 1022 3360; x_wconf 88' lang='lat' dir='ltr'><strong>nobis</strong></span> <span class='ocrx_word' id='word_1_175' title='bbox 1066 3297 1489 3360; x_wconf 87' lang='lat' dir='ltr'><strong>adolescentes</strong></span> <span class='ocrx_word' id='word_1_176' title='bbox 1527 3293 1849 3374; x_wconf 87' lang='lat' dir='ltr'><strong>videmur,</strong></span> <span class='ocrx_word' id='word_1_177' title='bbox 1894 3292 1959 3356; x_wconf 86' lang='lat' dir='ltr'><strong>in</strong></span> <span class='ocrx_word' id='word_1_178' title='bbox 2016 3291 2252 3371; x_wconf 86' lang='lat' dir='ltr'><strong>quibus</strong></span> <span class='ocrx_word' id='word_1_179' title='bbox 2291 3291 2542 3356; x_wconf 83' lang='lat' dir='ltr'><strong>animus</strong></span> 
     </span>
     <span class='ocr_line' id='line_1_26' title="bbox 661 3405 2539 3502; baseline -0.005 -18"><span class='ocrx_word' id='word_1_180' title='bbox 661 3420 875 3502; x_wconf 81' lang='lat' dir='ltr'><strong>pulcer</strong></span> <span class='ocrx_word' id='word_1_181' title='bbox 927 3434 1069 3480; x_wconf 85' lang='lat' dir='ltr'><strong>cum</strong></span> <span class='ocrx_word' id='word_1_182' title='bbox 1128 3414 1346 3497; x_wconf 85' lang='lat' dir='ltr'><strong>pulcro</strong></span> <span class='ocrx_word' id='word_1_183' title='bbox 1426 3428 1695 3493; x_wconf 89' lang='lat' dir='ltr'><strong>corpore</strong></span> <span class='ocrx_word' id='word_1_184' title='bbox 1754 3406 2113 3473; x_wconf 85' lang='lat' dir='ltr'><strong>mirabiliter</strong></span> <span class='ocrx_word' id='word_1_185' title='bbox 2165 3405 2539 3474; x_wconf 78' lang='lat' dir='ltr'><strong>consentit:</strong></span> 
     </span>
     <span class='ocr_line' id='line_1_27' title="bbox 661 3523 2547 3618; baseline -0.005 -18"><span class='ocrx_word' id='word_1_186' title='bbox 661 3538 835 3618; x_wconf 72' lang='lat' dir='ltr'><strong>quoi</strong></span> <span class='ocrx_word' id='word_1_187' title='bbox 897 3530 1337 3618; x_wconf 83' lang='lat' dir='ltr'><strong>pulcerrimum</strong></span> <span class='ocrx_word' id='word_1_188' title='bbox 1402 3547 1540 3595; x_wconf 85' lang='lat' dir='ltr'><strong>esse</strong></span> <span class='ocrx_word' id='word_1_189' title='bbox 1593 3528 2016 3610; x_wconf 85' lang='lat' dir='ltr'><strong>spectaculum</strong></span> <span class='ocrx_word' id='word_1_190' title='bbox 2073 3523 2275 3605; x_wconf 87' lang='lat' dir='ltr'><strong>dixit,</strong></span> <span class='ocrx_word' id='word_1_191' title='bbox 2337 3523 2547 3591; x_wconf 88' lang='lat' dir='ltr'><strong>sicui</strong></span> 
     </span>
     <span class='ocr_line' id='line_1_28' title="bbox 663 3639 2545 3734; baseline -0.004 -19"><span class='ocrx_word' id='word_1_192' title='bbox 663 3652 727 3717; x_wconf 80' lang='lat' dir='ltr'><strong>id</strong></span> <span class='ocrx_word' id='word_1_193' title='bbox 782 3653 963 3719; x_wconf 82' lang='lat' dir='ltr'><strong>liceat</strong></span> <span class='ocrx_word' id='word_1_194' title='bbox 1018 3666 1328 3734; x_wconf 85' lang='lat' dir='ltr'><strong>spectare.</strong></span> <span class='ocrx_word' id='word_1_195' title='bbox 1434 3645 1609 3733; x_wconf 84' lang='lat' dir='ltr'><strong>Quid</strong></span> <span class='ocrx_word' id='word_1_196' title='bbox 1656 3647 1947 3730; x_wconf 88' lang='lat' dir='ltr'><strong>pulcrum</strong></span> <span class='ocrx_word' id='word_1_197' title='bbox 1996 3643 2082 3710; x_wconf 87' lang='lat' dir='ltr'><strong>sit</strong></span> <span class='ocrx_word' id='word_1_198' title='bbox 2123 3641 2186 3711; x_wconf 88' lang='lat' dir='ltr'><strong>in</strong></span> <span class='ocrx_word' id='word_1_199' title='bbox 2246 3639 2545 3723; x_wconf 73' lang='lat' dir='ltr'><strong>artibuS,</strong></span> 
     </span>
     <span class='ocr_line' id='line_1_29' title="bbox 669 3760 2544 3849; baseline -0.004 -16"><span class='ocrx_word' id='word_1_200' title='bbox 669 3771 821 3849; x_wconf 71' lang='lat' dir='ltr'><strong>quid</strong></span> <span class='ocrx_word' id='word_1_201' title='bbox 899 3771 1165 3836; x_wconf 82' lang='lat' dir='ltr'><strong>habeant</strong></span> <span class='ocrx_word' id='word_1_202' title='bbox 1233 3766 1384 3835; x_wconf 83' lang='lat' dir='ltr'><strong>artis</strong></span> <span class='ocrx_word' id='word_1_203' title='bbox 1461 3783 1651 3847; x_wconf 85' lang='lat' dir='ltr'><strong>opera</strong></span> <span class='ocrx_word' id='word_1_204' title='bbox 1722 3760 2253 3847; x_wconf 83' lang='lat' dir='ltr'><strong>praestantissima</strong></span> <span class='ocrx_word' id='word_1_205' title='bbox 2285 3808 2310 3842; x_wconf 98' lang='lat'><strong>,</strong></span> <span class='ocrx_word' id='word_1_206' title='bbox 2415 3778 2544 3844; x_wconf 85' lang='lat' dir='ltr'><strong>quo</strong></span> 
     </span>
     <span class='ocr_line' id='line_1_30' title="bbox 665 3875 2545 3968; baseline -0.003 -22"><span class='ocrx_word' id='word_1_207' title='bbox 665 3883 1006 3967; x_wconf 83' lang='lat' dir='ltr'><strong>efficiatur,</strong></span> <span class='ocrx_word' id='word_1_208' title='bbox 1053 3902 1124 3950; x_wconf 90' lang='lat' dir='ltr'><strong>ut</strong></span> <span class='ocrx_word' id='word_1_209' title='bbox 1183 3884 1375 3952; x_wconf 91' lang='lat' dir='ltr'><strong>nobis</strong></span> <span class='ocrx_word' id='word_1_210' title='bbox 1435 3885 1654 3968; x_wconf 84' lang='lat' dir='ltr'><strong>pulcra</strong></span> <span class='ocrx_word' id='word_1_211' title='bbox 1700 3881 2064 3961; x_wconf 80' lang='lat' dir='ltr'><strong>videantur,</strong></span> <span class='ocrx_word' id='word_1_212' title='bbox 2106 3879 2273 3945; x_wconf 87' lang='lat' dir='ltr'><strong>haud</strong></span> <span class='ocrx_word' id='word_1_213' title='bbox 2324 3875 2545 3961; x_wconf 83' lang='lat' dir='ltr'><strong>exqui-</strong></span> 
     </span>
     <span class='ocr_line' id='line_1_31' title="bbox 665 3995 2543 4086; baseline -0.002 -22"><span class='ocrx_word' id='word_1_214' title='bbox 665 3997 838 4082; x_wconf 64' lang='lat' dir='ltr'><strong>sivit,</strong></span> <span class='ocrx_word' id='word_1_215' title='bbox 887 3998 1031 4064; x_wconf 60' lang='lat' dir='ltr'><strong>data</strong></span> <span class='ocrx_word' id='word_1_216' title='bbox 1106 4006 1298 4084; x_wconf 65' lang='lat' dir='ltr'><strong>opera</strong></span> <span class='ocrx_word' id='word_1_217' title='bbox 1347 4003 1574 4069; x_wconf 72' lang='lat' dir='ltr'><strong>Platot</strong></span> <span class='ocrx_word' id='word_1_218' title='bbox 1631 4019 1773 4067; x_wconf 78' lang='lat' dir='ltr'><strong>nam</strong></span> <span class='ocrx_word' id='word_1_219' title='bbox 1823 4003 2025 4086; x_wconf 72' lang='grc' dir='ltr'><strong><em>λώβην</em></strong></span> <span class='ocrx_word' id='word_1_220' title='bbox 2058 3995 2322 4065; x_wconf 84' lang='lat' dir='ltr'><strong>vocabat</strong></span> <span class='ocrx_word' id='word_1_221' title='bbox 2356 4023 2543 4083; x_wconf 71' lang='grc' dir='ltr'><strong><em>μιμη-</em></strong></span> 
     </span>
    </p>

    <p class='ocr_par' dir='ltr' id='par_1_5' title="bbox 2449 4134 2542 4185">
     <span class='ocr_line' id='line_1_32' title="bbox 2449 4134 2542 4185; baseline -0.054 0"><span class='ocrx_word' id='word_1_222' title='bbox 2449 4134 2542 4185; x_wconf 76' lang='lat' dir='ltr'><strong>n·</strong></span> 
     </span>
    </p>
   </div>
  </div>
 </body>
</html>
