2792 5167
931 435 1272 499 ...31-

161 597 330 689 quod
371 600 699 678 convenit,
779 598 877 661 vel
919 596 1088 683 quod
1121 599 1367 664 lucrum
1423 597 1613 683 affert
1632 646 1655 680 ,
1740 603 1836 668 vel
1880 602 2047 688 quod

151 715 448 808 prodest;
490 716 602 782 sed
648 714 833 797 plane
868 715 1018 779 mihi
1050 731 1463 797 accurateque
1521 717 1665 798 dic,
1708 718 1861 800 quid
1902 737 2043 787 esse

161 836 318 902 illud
354 847 585 919 putes:
634 850 772 899 nam
814 831 980 896 haud
1012 832 1326 899 admittam
1374 832 1707 916 equidem,
1753 835 1860 900 ubi
1901 835 2043 903 talia

167 952 360 1019 nobis
417 961 778 1034 argumenta
818 950 1126 1016 attulerisa
1153 948 1241 1020 (¹)
1368 949 1626 1036 Quibus
1685 951 1868 1018 dictis
1908 972 2049 1035 per·

165 1072 390 1138 culsus
434 1069 718 1134 Socrates
783 1068 959 1151 (nam
1030 1065 1197 1132 ferae
1273 1068 1392 1133 iste
1445 1067 1641 1133 instar
1703 1068 1767 1134 in
1837 1067 2043 1152 ipsum

165 1202 577 1269 caeterosque
652 1184 828 1266 quasi
891 1184 1293 1266 discepturus
1356 1201 1727 1266 profuerat,
1795 1202 1865 1252 ut
1908 1205 2050 1271 per·

168 1302 376 1370 territi
432 1317 832 1387 pavescerent
878 1322 1000 1368 -ε
1084 1301 1162 1367 ad
1224 1304 1372 1366 haec
1431 1301 1624 1385 igitur
1687 1303 2044 1371 tremiscens

166 1420 501 1502 Socrates,
569 1438 612 1485 o
666 1418 1174 1503 Thrasymache‚
1241 1418 1490 1500 inquit,
1554 1438 1634 1485 ne
1696 1435 1769 1485 tu
1837 1420 1924 1487 ita
1980 1422 2047 1489 in

167 1555 294 1604 nos
332 1537 609 1605 saevias:
666 1555 804 1603 nam
850 1538 904 1604 si
942 1537 1008 1602 in
1048 1536 1467 1619 disquirendis
1506 1537 1853 1604 rationibus
1888 1538 2048 1622 lapsi

168 1676 434 1740 sumus,
481 1672 730 1740 egoque
780 1670 843 1721 et
892 1654 992 1720 bic
1020 1701 1045 1736 ,
1087 1673 1207 1738 pro
1271 1669 1444 1720 certo
1502 1655 1768 1739 habeto,
1810 1656 2059 1730 invitos=

167 1791 408 1842 errasse
461 1790 610 1840 nos.
696 1771 801 1837 Ne
864 1771 1027 1837 enim
1090 1770 1418 1853 existima,
1463 1772 1515 1837 si
1575 1791 1791 1838 aurum
1862 1792 2049 1856 quaes

164 1910 494 1975 ret-emus,
538 1910 660 1957 nos
710 1909 839 1956 non
902 1904 1135 1973 sponte
1188 1889 1503 1955 nobismet
1564 1889 1739 1974 ipsos
1799 1889 1867 1956 in
1923 1891 2052 1957 dis-

168 2009 511 2093 quisitione
570 2026 864 2075 cessuros
917 2024 1064 2074 esse
1120 2020 1181 2071 et
1242 2006 1662 2074 inventionem
1717 2006 2054 2090 impeditu-

166 2143 313 2192 ros:
403 2143 572 2191 nunc
622 2141 873 2207 autem,
920 2143 1061 2190 cum
1111 2123 1414 2207 justitiam
1462 2143 1876 2207 quaeramus,
1917 2142 2047 2193 rem

169 2243 378 2309 multo
443 2259 598 2306 auro
679 2241 865 2325 longe
922 2242 1393 2323 pretiosiorem,
1457 2241 1655 2325 inepti
1693 2244 1848 2308 adeo
1889 2242 2051 2308 inter

164 2375 291 2425 nos
329 2358 589 2440 cedere,
632 2375 747 2423 nec
792 2358 962 2423 omni
1005 2359 1213 2425 studio
1257 2358 1498 2440 anniti,
1541 2374 1612 2425 ut
1652 2363 1835 2442 quale
1873 2360 2047 2426 istud

168 2476 257 2544 sit
297 2489 613 2561 appareat.
755 2476 991 2542 Verum
1039 2475 1350 2543 arbitror.
1396 2497 1439 2542 o
1480 2476 1719 2558 amice,
1768 2476 2048 2543 invenire

165 2591 323 2660 illud
379 2611 511 2658 non
568 2612 939 2678 possumus.
1053 2595 1477 2681 Quamobrem
1520 2597 1722 2663 nostri
1765 2596 2045 2663 misereri

167 2730 335 2793 vos,
381 2711 619 2795 quippe
676 2711 1034 2794 sapientes,
1097 2714 1302 2778 multo
1344 2713 1538 2799 magis
1583 2714 1799 2793 decet,
1857 2733 2041 2797 quam

167 2828 378 2895 irasci.
466 2828 579 2895 Ille
622 2847 815 2909 veru,
860 2830 1086 2897 auditis
1126 2830 1345 2909 hisce,
1390 2830 1457 2895 in
1510 2831 1850 2898 cachinnos
1888 2831 2049 2899 effu·

169 2966 285 3014 sus
346 2960 411 3012 et
466 2948 652 3030 plane
702 2946 1073 3015 sardonium
1127 2947 1384 3028 ridens,
1432 2967 1472 3013 o
1515 2949 1867 3032 Hercules,
1911 2949 2043 3030 ait,

165 3065 319 3131 haec
378 3064 620 3131 scilicet
678 3066 869 3131 solita
915 3078 1012 3131 est
1055 3066 1161 3133 illa
1224 3064 1503 3132 Socratis
1560 3065 1799 3132 ironia!
1902 3066 2045 3132 No·

159 3197 374 3265 veram·
422 3181 490 3246 id
537 3181 825 3263 equidem
885 3197 948 3247 et
1002 3181 1178 3248 hisce
1237 3183 1657 3266 praedixeram
1682 3231 1705 3264 ,
1779 3201 1843 3251 te
1901 3186 2039 3267 qui·

99 3370 110 3377 ,
163 3300 311 3364 dem
380 3317 510 3365 non
569 3317 1062 3383 responsurum,
1146 3302 1256 3366 sed
1331 3319 1588 3367 usurum
1651 3300 1853 3367 ironia
1908 3320 2046 3367 esse

159 3431 358 3498 atque
422 3417 627 3483 omnia
684 3415 996 3484 facturum
1051 3420 1313 3501 potius,
1394 3437 1578 3500 quam
1642 3416 2048 3501 interroganti

160 3549 641 3615 responsurum.
772 3534 897 3601 Hic
958 3535 1293 3613 Socrates,
1341 3554 1471 3617 quo
1518 3536 1765 3601 tandem
1812 3535 2044 3617 modu,

163 3650 421 3733 inquit,
484 3651 583 3717 vir
636 3652 916 3736 optime,
983 3653 1369 3736 respondere
1412 3652 1555 3735 quis
1600 3651 1858 3735 possit,
1918 3650 2051 3735 pri·

162 3788 383 3850 mum,
442 3769 552 3850 qui
615 3790 816 3852 neque
885 3768 1041 3836 sciat
1121 3787 1328 3850 neque
1385 3769 1546 3835 scire
1597 3786 1670 3834 se
1731 3766 2046 3845 fateatur,

1876 3884 2048 3949 dein·

236 4014 316 4082 (ι)
359 4017 442 4064 De
475 4018 616 4083 Rep.
657 4015 700 4066 1.
727 4014 845 4067 356.
870 4014 933 4070 C.
962 4014 1032 4067 D.
