2792 5167
1004 508 1090 525 ....
1133 489 1385 556 ¹03⁶*

256 668 542 732 sequor:
626 669 706 722 ne
770 652 962 738 igitur
1020 671 1201 737 aegre
1255 650 1424 718 seras
1488 650 1667 716 velim
1689 695 1714 730 ,
1795 649 1850 716 si
1909 650 2118 719 libere

260 768 628 836 sententiam
679 769 914 837 dixero.
1018 768 1258 860 Nonne
1300 782 1487 851 turpe
1538 765 1656 832 tibi
1709 782 1848 832 esse
1892 767 2102 835 existi-

260 873 447 968 mas',
487 885 572 952 ita
608 902 1023 970 comparatum
1088 903 1281 965 esse,
1310 883 1830 967 quemadmodum
1872 899 1934 950 et
1972 905 2100 955 eae-

258 1013 429 1069 teros
494 1022 567 1069 se
618 1003 843 1070 habere
897 1001 1197 1084 arbitror,
1262 1001 1373 1084 qui
1425 1001 1708 1081 diutius,
1771 1017 1952 1080 quam
1999 1020 2118 1082 par-

259 1132 395 1199 est,
449 1119 913 1204 philosophiam
960 1117 1479 1202 persequuntur?
1539 1117 1708 1183 Nam
1768 1115 1825 1180 si
1881 1114 2114 1184 aecide-

250 1234 334 1300 rit
355 1282 382 1316 ,
424 1249 500 1300 ut
554 1239 665 1303 vel
713 1252 782 1302 te
834 1238 944 1301 vel
986 1236 1169 1302 alium
1224 1234 1320 1300 tui
1377 1233 1639 1300 similem
1699 1233 1764 1298 in
1809 1250 2112 1299 carcerem

251 1352 402 1435 quis
461 1352 761 1429 duceret,
807 1351 1019 1416 dicens
1037 1396 1061 1430 ,
1104 1365 1167 1415 te
1219 1349 1448 1433 injusta
1494 1349 1808 1432 peregisse
1831 1395 1856 1429 ,
1901 1368 2130 1432 quam·-

256 1469 363 1535 vis
419 1484 554 1532 non
594 1467 944 1552 peregisses
966 1512 991 1546 ,
1032 1482 1103 1532 tu
1144 1484 1335 1546 sane,
1379 1465 1540 1548 quid·
1586 1483 1843 1550 ageres,
1889 1485 2018 1548 quo
2055 1480 2124 1533 te

262 1599 672 1652 converteres
697 1629 722 1663 ‚
766 1601 894 1649 non
950 1583 1253 1664 haberes3
1301 1584 1416 1649 sed
1438 1628 1462 1664 ,
1503 1583 1626 1648 acsi
1675 1582 1982 1666 vertigine
2037 1585 2124 1650 la·

262 1701 523 1768 borares
579 1700 792 1766 subito
847 1715 911 1767 et
966 1699 1254 1766 oscitares
1278 1746 1301 1779 ‚
1363 1699 1525 1765 haud
1566 1698 1876 1765 invenires
1940 1699 2124 1782 quod.

260 1816 505 1908 diceres
529 1838 552 1883 e
600 1831 731 1882 tum
794 1816 859 1881 in
912 1816 1177 1882 tribunal
1235 1818 1608 1895 excudens,
1652 1831 1923 1883 actorem
1973 1835 2120 1882 nac·

254 1947 367 2000 tus
424 1933 740 2000 hominem
796 1933 983 1999 vilem
1039 1933 1516 2017 abjectumque,
1560 1933 1846 2017 capitali,
1892 1933 1948 1999 si
1990 1933 2114 2017 ipsi

254 2051 618 2132 videretur,
661 2050 979 2135 supplicio
1034 2051 1417 2133 plecteretis.
1506 2049 1709 2131 Atqui
1755 2050 1856 2130 id,
1903 2067 1943 2115 ο
1994 2051 2112 2117 So-

260 2182 496 2248 crates,
557 2168 871 2251 quomodo
924 2166 1046 2233 dici
1092 2167 1360 2249 prudens
1427 2166 1805 2249 sapiensque
1852 2167 2106 2252 possit,

257 2284 309 2350 si
358 2304 487 2367 qua
528 2304 628 2349 ars
680 2285 991 2367 ingenuae
1052 2285 1280 2347 mentis
1356 2296 1538 2346 nacta
1590 2283 1797 2347 virum
1811 2326 1836 2361 ,
1910 2284 2116 2350 reddit·

258 2401 633 2468 deteriorem
659 2444 684 2478 ,
765 2413 840 2462 ut
910 2416 1027 2462 nec
1084 2396 1205 2460 sibi
1268 2395 1391 2477 ipsi
1443 2393 1607 2459 ferre
1659 2413 1844 2477 opem
1911 2392 2120 2478 possit

260 2535 379 2584 nec
440 2533 480 2581 e
536 2512 921 2599 gravissimis
983 2509 1274 2595 periculis
1330 2530 1397 2576 se
1460 2525 1566 2576 aut
1626 2511 1809 2577 alium
1871 2512 2126 2596 expedi-

261 2651 333 2698 re
357 2678 384 2711 ‚
458 2630 539 2695 ab
595 2628 858 2695 inimicis
913 2645 1065 2693 vero
1126 2625 1358 2708 opibus
1411 2627 1716 2708 spolietur
1742 2672 1768 2706 ,
1836 2648 2123 2709 prorsus-

268 2766 405 2832 que
453 2743 701 2811 infamis
748 2743 811 2810 in
870 2743 1123 2810 civitate
1162 2742 1387 2808 vivat?
1434 2740 1577 2806 Tali
1619 2741 1802 2823 viro,
1845 2743 1968 2808 nisi
2006 2743 2131 2810 dic-

242 2880 341 2931 ·ru
404 2863 497 2931 sit
558 2860 862 2947 agrestius
889 2906 915 2942 ,
992 2861 1092 2925 vel
1146 2861 1476 2943 colaphum
1537 2859 1818 2945 infligere
1871 2862 2129 2946 impune

256 2981 431 3048 licet.
523 2978 650 3046 Sed
706 2978 857 3044 mihi
901 2978 1128 3056 crede,
1174 2995 1216 3041 o
1267 2975 1463 3044 bone:
1509 2997 1681 3044 cessa
1736 2981 2028 3074 argutari·
2066 2997 2130 3048 et

255 3099 485 3166 decora
556 3113 763 3164 rerum
820 3094 1028 3161 studia
1089 3111 1343 3177 capesse
1362 3141 1388 3177 ,
1466 3094 1698 3177 quibus
1759 3116 1977 3182 sapere
2013 3099 2125 3172 ‘vit-

260 3214 487 3283 deariS.
535 3214 602 3261 (ὓ

354 3331 527 3396 Haec
585 3330 881 3399 Callicles
938 3327 1259 3412 ingeniose
1320 3346 1467 3394 sane
1485 3381 1506 3412 ‚
1569 3328 1681 3394 se'd
1723 3330 1945 3395 acerbe
1961 3350 1982 3393 z
2027 3331 2134 3400 cui

280 3445 437 3511 mira
501 3445 753 3528 quadam
812 3446 1046 3512 ironiae
1100 3447 1167 3511 vi
1222 3445 1562 3529 respondet
1617 3444 1932 3510 Socrates.
2066 3443 2135 3509 Si

281 3580 535 3628 aureum
580 3580 779 3628 essem
817 3561 1082 3628 animum
1120 3577 1379 3642 nactus,
1423 3573 1464 3627 o
1509 3560 1805 3627 Callicles
1832 3604 1856 3638 ‚
1896 3558 2134 3641 inquit,

280 3695 497 3745 nonne
547 3693 728 3761 putas
789 3679 1070 3745 lubenter
1126 3696 1226 3745 me
1279 3692 1673 3761 reperturum
1727 3674 1996 3759 aliquem
2055 3695 2133 3745 ex

275 3794 380 3863 his
428 3793 734 3879 lapidibus
755 3842 780 3876 ‚
822 3796 1060 3878 quibus
1098 3781 1408 3879 explorari
1465 3810 1684 3860 aurum
1728 3793 1930 3877 solet,
1975 3792 2146 3878 opti·

1925 3931 2137 3994 mum,

349 4051 431 4126 (ι)
472 4050 681 4123 Geor-3.
711 4051 820 4109 4⁸4
852 4050 919 4106 C.
950 4052 1053 4120 ,⁴⁸⁶
1087 4053 1165 4106 D.
