2792 5167
1448 462 1842 514 —110—

704 622 962 708 insignis
1047 636 1113 689 et
1186 622 1397 688 bonus
1425 668 1450 705 ,
1528 623 1750 690 animis
1835 623 2150 691 adhibebit
2234 643 2542 694 sermones

702 756 1124 823 quoscunque
1193 737 1349 804 dicit
1409 753 1475 805 et
1534 737 1694 806 sacta
1757 759 1867 807 sua
1930 740 2175 809 omnia:
2262 742 2553 826 idemque

704 858 840 934 sive
884 856 1185 922 concedat
1239 855 1395 938 quid
1450 853 1591 923 sive
1641 871 1869 942 neget,
1935 856 2083 926 illuc
2143 875 2390 943 semper
2453 858 2547 924 in·

700 985 936 1040 tentam
991 985 1255 1038 mentem
1318 968 1613 1052 habebit,
1678 984 1747 1035 ut
1806 969 2042 1038 civium
2105 971 2330 1052 animis
2365 972 2556 1059 justi·

702 1088 792 1160 tia
842 1088 1031 1169 insit,
1073 1086 1233 1152 absit
1295 1084 1645 1171 iniustitia,
1688 1088 2088 1168 temperantia
2152 1087 2339 1170 insit,
2382 1090 2554 1156 absit

702 1204 1168 1290 intemperantia
1184 1250 1209 1284 ,
1266 1217 1666 1284 caeteraeque
1711 1200 1974 1270 virtutes
2035 1201 2230 1270 insint
2276 1222 2498 1272 ornnes
2519 1250 2548 1290 ,

702 1322 1102 1392 discesserint
1140 1320 1315 1387 vitia.
1341 1316 1407 1363 ω
2061 1406 2069 1416 .

784 1438 1169 1526 Huiusmodi
1226 1452 1324 1505 est
1340 1484 1365 1519 ,
1428 1457 1618 1521 quem
1659 1438 1834 1506 Plato
1900 1436 2230 1520 quaerebat
2252 1484 2278 1520 ‚
2333 1451 2545 1506 orator

698 1577 889 1636 verus
910 1604 933 1640 ,
980 1555 1088 1642 qui
1153 1574 1284 1623 non
1330 1555 1777 1642 gratificaretur
1830 1554 2065 1622 civium
2111 1553 2496 1622 lubidinibus
2520 1600 2549 1637 ‚

699 1675 809 1740 sed
864 1674 1039 1756 ipsos
1104 1670 1370 1737 efficeret
1425 1671 1692 1737 dicendo
1752 1672 2084 1738 meliores:
2132 1690 2265 1740 non
2304 1671 2546 1741 dicendi

697 1790 963 1874 quadam
1029 1787 1179 1854 dote
1232 1805 1304 1854 se
1375 1786 1836 1856 commendaret
1858 1833 1883 1868 ‚
1970 1788 2084 1854 sed
2144 1802 2319 1856 totus
2380 1802 2550 1855 esset

696 1927 810 1994 per
883 1925 1229 1994 germanam
1293 1903 1764 1991 philosophiam
1826 1905 1901 1969 ad
1958 1905 2250 1971 virtutem
2329 1919 2392 1971 et
2452 1924 2551 1971 sa·

693 2024 988 2109 pientiam
1048 2020 1500 2088 conformatus.
1613 2019 1718 2084 Ad
1795 2021 1977 2102 cujus
2053 2019 2320 2101 speciem
2393 2038 2540 2086 cum

688 2139 998 2224 principes
1024 2183 1049 2218 ,
1112 2155 1270 2219 quos
1312 2134 1602 2200 Athenae
1657 2135 1965 2213 tulerant,
2011 2148 2296 2201 oratores
2332 2136 2550 2221 exige-

688 2270 785 2328 ret
804 2301 829 2336 ‚
887 2255 1043 2322 tales
1114 2270 1244 2318 non
1318 2248 1688 2334 reperiebat.
1772 2243 2086 2330 Pericles,
2129 2251 2217 2317 ait
2235 2296 2263 2333 ,
2330 2271 2543 2320 mores

692 2372 931 2441 civium
971 2388 1103 2436 non
1161 2380 1399 2434 tantum
1442 2383 1574 2432 non
1628 2364 1975 2432 emendavit
1999 2413 2025 2447 ‚
2067 2367 2179 2433 sed
2212 2369 2495 2456 eorrupit
2518 2390 2542 2436 t

696 2487 971 2569 caeteri,
1017 2484 1332 2553 Miltiades
1353 2531 1377 2566 ,
1422 2482 1883 2564 Themistocles
1906 2528 1931 2562 ,
1976 2482 2204 2549 Cimon
2228 2529 2253 2562 ‚
2317 2483 2372 2549 si
2415 2503 2548 2552 non

694 2619 1114 2691 corruperunt
1126 2605 1165 2686 ',
1232 2616 1434 2668 tamen
1526 2618 1657 2666 non
1723 2600 2129 2666 emendarunt
2201 2599 2546 2668 Athenien-

701 2744 848 2794 ses:
910 2742 1052 2790 nam
1109 2721 1163 2788 si
1215 2719 1386 2786 cives
1444 2736 1595 2782 suos
1656 2734 1869 2799 reapse
1902 2762 1926 2797 ‚
1990 2717 2168 2799 quod
2229 2717 2380 2783 boni
2426 2736 2543 2801 po·

702 2841 853 2928 litici
900 2855 964 2906 et
1035 2834 1304 2904 oratoris
1349 2831 1622 2899 officium
1686 2848 1786 2898 est
1847 2846 1912 2899 et
1968 2851 2194 2900 munus
2233 2880 2258 2915 ,
2333 2835 2547 2900 melio-

699 2977 799 3024 res
844 2955 1143 3024 fecissent
1200 2949 1465 3015 dicendo
1490 2995 1514 3030 ‚
1560 2950 1723 3016 haud
1765 2967 1914 3015 sane
1953 2948 2029 3014 ab
2055 2949 2131 3014 iis
2174 2951 2272 3015 vel
2315 2950 2542 3034 poenis

692 3070 895 3136 affecti
952 3068 1056 3132 vel
1135 3083 1172 3132 e
1252 3061 1513 3131 civitate
1591 3064 1770 3148 ejecti
1832 3063 2141 3133 fuissent:
2192 3062 2257 3106 ω
2320 3085 2542 3148 quam-

696 3182 907 3250 obrem
968 3180 1244 3250 ministri
1289 3157 1573 3262 civium}
1659 3179 1930 3248 civitatis
1991 3185 2231 3254 διωκδνοι
2267 3159 2536 3249 ‘fuerunt

694 3300 899 3372 seduli
960 3315 1023 3366 et
1086 3299 1412 3384 diligentes
1435 3345 1460 3379 ,
1518 3298 1628 3364 sed
1685 3304 2023 3380 πολιτικοὶ,
2107 3299 2320 3381 quales
2396 3316 2542 3367 esse

694 3432 949 3510 oportet
1011 3415 1122 3500 qui
1178 3416 1490 3483 civitatem
1557 3414 1817 3482 dicendo
1884 3414 2251 3500 agendoque
2311 3413 2540 3482 bonam

693 3540 1049 3626 justamque
1096 3532 1403 3612 efficiant,
1446 3549 1575 3596 non
1627 3528 1906 3598 fuerunt.

778 3653 953 3737 Quid
1005 3650 1079 3716 ad
1119 3647 1460 3733 perfectum
1503 3646 1958 3730 informandum
2002 3623 2334 3714 Oratorem
2389 3666 2541 3714 eon·

691 3763 859 3836 ferre
929 3766 1192 3833 debeant
1213 3812 1236 3849 ‚
1303 3778 1561 3832 auctore
1619 3766 1875 3834 Platone
1895 3810 1919 3845 ‚
1981 3764 2351 3852 disciplinae
2407 3782 2546 3852 gra·

784 3857 789 3862 ⁴
2403 3879 2544 3944 vio-

750 4024 849 4120 ρ)
884 4022 1061 4105 βαι-ι.
1092 4025 1213 4088 ᾇοι.
1252 4028 1413 4092 A.‚-.
1439 4026 1654 4088 Eossss.
1726 4028 1819 4102 (ρ)
1841 4022 2469 4099 θοις.5ρῇ·0,ῥῴ.1>.
