2792 5167
1005 395 1356 460 ..97-

246 573 447 638 quam
498 555 755 634 maxime
794 573 936 623 cum
995 558 1285 624 Socrates
1313 604 1339 640 ‚
1402 571 1536 623 tum
1562 558 1915 642 praesertim
1954 560 2104 628 Pla·

246 685 325 735 to
363 671 719 754 probaverit
763 672 1182 756 eloquentiam
1203 719 1228 753 ,
1297 674 1814 758 perspiceremus.
1895 675 2086 762 Quod

245 805 451 868 sane,
514 789 632 855 nisi
687 790 993 858 Socratica
1048 794 1380 875 perspecta
1419 781 1766 876 ‘disciplina
1829 792 2084 880 intelligi

241 921 385 969 non
438 919 691 987 potest:
735 922 940 990 patere
969 921 1180 975 autem
1220 927 1299 975 eo
1341 908 1739 976 manifestius
1797 910 2041 977 videtur
2064 960 2089 994 ,

243 1037 379 1100 quo
417 1019 613 1104 ipsam
653 1026 814 1107 apud
854 1024 1135 1093 Graecos
1183 1025 1580 1109 eloquentiae
1622 1026 1951 1093 historiam
1989 1045 2096 1146 ex·-

231 1138 686 1222 ploravetimus
739 1140 1133 1226 diligentius.
1240 1143 1367 1209 Sed
1426 1143 1569 1208 licet
1615 1141 1806 1207 nobis
1863 1160 1943 1207 ex
1997 1160 2096 1209 ea·

226 1254 373 1320 dem
444 1255 877 1339 disputatione
953 1257 1071 1322 alia
1130 1258 1281 1324 item
1341 1258 1601 1325 efficere.
1718 1258 2041 1327 Efficimus
2063 1309 2090 1343 ,

224 1370 396 1453 quid
459 1371 691 1438 Cicero
751 1374 1129 1456 spectaverit
1146 1422 1170 1456 ,
1253 1392 1448 1457 quum
1514 1393 1653 1442 esse
1695 1378 2092 1445 contenderet

225 1502 552 1554 oratorem
632 1488 978 1573 perfectum
1002 1538 1026 1572 ‚
1120 1491 1256 1558 sine
1319 1492 1528 1558 studio
1603 1493 2042 1577 philosophiae
2063 1542 2089 1578 ‚

224 1623 365 1671 non
412 1624 641 1688 posse:
692 1605 754 1650 <¹2
803 1605 1135 1690 efficimus,
1203 1589 1354 1690 quid
1408 1628 1660 1676 caussae
1721 1628 1860 1676 esse
1911 1631 2089 1695 prae-

215 1724 416 1808 cipue
484 1700 813 1803 vidoetur,
895 1737 1014 1804 ut,
1099 1725 1314 1808 prouti
1381 1727 1841 1795 Demosthenes
1912 1730 2080 1813 apud

220 1840 516 1907 Graecos
537 1888 561 1922 ‚
622 1838 708 1906 ita
761 1841 929 1925 apud
984 1842 1306 1909 Romanos
1373 1843 1537 1910 idem
1611 1844 1789 1910 hicce
1853 1845 2080 1912 Cicero

209 1958 618 2043 eloquentiae
671 1958 1089 2043 principatum
1163 1958 1531 2026 obtinuerit.
1657 1961 1786 2026 Est
1833 1960 2075 2029 scilicet

217 2079 476 2144 omnino
521 2092 687 2143 arcta
728 2077 1021 2174 quaedam
1046 2123 1071 2158 ‚
1116 2090 1188 2143 ut
1228 2076 1335 2142 ille
1366 2076 1530 2144 vidit
1556 2125 1582 2161 ‚
1625 2069 2068 2165 philosophiae

208 2209 273 2261 et
320 2194 719 2277 eloquentiae
777 2183 1215 2259 necessitudo:
1262 2193 1406 2276 ipse
1489 2208 1697 2260 autem
1755 2216 1790 2259 a
1840 2200 2065 2264 tenera

204 2327 407 2378 aetate
465 2308 1032 2392 praestantissimos
1096 2308 1371 2372 Athenis
1423 2309 1845 2391 philosophos
1895 2312 2069 2376 audi-

208 2441 390 2494 verat
411 2473 436 2506 ‚
505 2439 569 2490 et
623 2442 775 2489 vero
799 2470 825 2503 ‚
887 2422 1059 2512 unde·
1098 2420 1377 2489 fructum
1436 2424 1720 2507 percepit
1774 2426 1849 2491 ad
1911 2426 2074 2495 bene

204 2544 549 2611 dicendum
626 2539 981 2606 uberiorem
1036 2537 1219 2604 etiam
1244 2585 1269 2619 ,
1353 2545 1667 2606 nocturna
1725 2542 2069 2627 diurnaque

202 2681 401 2728 manu
460 2657 695 2741 scripta
754 2669 1107 2720 versaverat
1148 2655 1467 2722 Platonis:
1514 2655 1746 2737 quibus
1802 2657 1891 2724 sic
1931 2679 2074 2745 cap-

204 2797 319 2847 tus
378 2790 524 2854 est,
588 2773 683 2839 ut‘
724 2770 1110 2840 Socraticum
1162 2789 1236 2837 se
1281 2785 1345 2839 et
1396 2773 1778 2841 Platonicum
1849 2775 2070 2848 fatere·

192 2915 345 2977 tur,
391 2895 536 2974 sic,
601 2891 817 2958 iisdem
874 2887 1186 2974 legendis,
1256 2888 1567 2956 Socratica
1619 2906 1684 2958 et
1741 2893 2064 2987 Platonica
2121 2979 2126 2984 .
2211 2917 2222 2932 ¹

196 3010 613 3102 philosophia
660 3007 942 3073 imbutus
1003 3022 1142 3088 est,
1228 3021 1300 3073 ut
1320 3054 1344 3088 ‚
1413 3007 1468 3073 si
1531 3009 1671 3091 quis
1732 3011 2054 3082 Romana.

194 3153 329 3200 rum
384 3129 553 3198 alius
574 3162 615 3210 ,ι
642 3126 785 3210 ipse
837 3122 1024 3189 nobis
1077 3124 1367 3189 dicendus
1410 3125 1837 3194 Romanorum
1870 3131 2049 3199 Plato

197 3222 504 3316 videatur.
613 3221 807 3311 Hunc
860 3241 927 3307 in
980 3242 1231 3307 modum
1285 3241 1607 3308 institutus
1633 3289 1658 3322 ‚
1720 3243 1821 3307 his
1877 3246 2060 3326 quasi

207 3363 514 3431 alimentis
584 3375 801 3444 pastus
856 3377 922 3425 et
977 3358 1474 3438 corroboratus,
1564 3377 1758 3439 quum
1830 3357 2062 3426 inesset

207 3480 269 3547 ei
330 3479 551 3544 natura
623 3474 883 3540 facultas
956 3474 1195 3542 dicendi
1267 3474 1643 3541 admirabilis
1705 3475 2002 3572 quaedam
2031 3524 2056 3559 ,

206 3611 511 3679 superare
556 3590 731 3656 facile
780 3607 1047 3659 caeteros
1109 3607 1429 3673 oratore5‚
1516 3591 1805 3675 quamvis
1867 3592 2056 3662 diser·

202 3727 349 3794 tos,
395 3706 656 3794 potuit,
698 3706 925 3790 quibus
960 3708 1096 3776 talis
1142 3707 1451 3775 defuisset
1480 3708 1820 3775 institutio.
1847 3777 1854 3784 ,
1884 3711 2049 3796 Sed,

1927 3850 2058 3916 quo

275 3965 353 4041 (ι)
386 3964 508 4019 Cic.
548 3960 708 4018 Orat.
741 3978 788 4013 c.
820 3962 854 4013 3
886 3968 940 4014 et
972 3963 1024 4018 4.

1088 4060 1155 4128 G
