2792 5167
1445 451 1835 517 ...m-.-

718 615 838 698 tia,
882 627 952 683 ut
986 613 1370 698 putabatur,
1416 631 1656 680 summa
1681 659 1706 694 ‚
1753 614 1816 678 in
1857 628 2185 697 utramque
2217 631 2454 701 partem
2489 621 2569 688 de

712 734 934 818 eodem
1024 745 1391 815 argumento
1467 730 1733 815 copiose
1789 730 2325 817 probabiliterque
2377 736 2571 805 disse·

714 849 891 918 rendi
917 894 942 931 ‚
1004 867 1191 930 quam
1241 861 1313 913 ut
1364 847 1582 914 docuit
1624 847 2005 915 Aristoteles
2022 894 2047 929 ‚
2111 850 2196 915 ita
2257 849 2568 919 factitasse

715 965 980 1050 dialogis
1031 964 1172 1030 suis
1220 963 1419 1030 videri
1468 977 1724 1047 potest,
1769 963 1926 1029 hanc
1981 969 2302 1047 quomodo
2339 969 2567 1038 Cicero

718 1082 784 1149 in
838 1082 972 1148 aliis
1013 1079 1308 1165 scriptis,
1361 1092 1494 1146 tum
1538 1079 1825 1164 inprimis
1883 1080 1962 1146 dc
1999 1081 2235 1164 finibus
2279 1098 2403 1152 tam
2457 1087 2574 1156 mi·

712 1196 991 1263 rabiliter
1026 1194 1330 1279 explicare
1372 1194 1685 1279 potuisset
1703 1241 1729 1276 ‚
1769 1194 1894 1260 nisi
1939 1195 2222 1281 dialogos
2276 1198 2576 1284 scripsi&

701 1314 868 1382 set?
910 1313 1036 1381 Sed
1077 1327 1270 1382 artem
1320 1313 1481 1379 hanc
1516 1313 1713 1396 ipsam
1766 1311 2057 1395 reprobat
2111 1312 2517 1408 philosophia
2536 1364 2567 1399 ,

618 1463 627 1468 ·
720 1430 776 1498 si
844 1431 1094 1515 quidem
1153 1429 1535 1498 audientium
1606 1428 1856 1511 studia,
1941 1448 2127 1511 quam
2183 1428 2319 1497 veri
2357 1430 2572 1517 inqui-

718 1549 898 1616 rendi
936 1547 1316 1633 diligentiam
1342 1594 1366 1630 ,
1418 1546 1612 1633 magis
1653 1559 1918 1629 spectet.
1964 1537 2108 1612 Nec
2151 1560 2249 1612 est
2280 1548 2436 1629 quin
2481 1546 2575 1615 fa·

714 1679 966 1746 tatur,
1026 1657 1175 1749 plus
1231 1663 1630 1746 eloquentiae
1671 1662 1736 1727 in
1780 1662 2042 1748 dialogis
2105 1662 2405 1732 tribuisse
2455 1666 2572 1736 Ci-

708 1797 1043 1860 emonem,
1088 1797 1275 1862 quam
1307 1776 1583 1863 simplici
1612 1775 1892 1843 veritatis
1936 1774 2340 1863 indagationi.
2425 1779 2569 1846 Alia

716 1912 813 1965 est
848 1898 1165 1983 longeque
1188 1896 1436 1963 diversa
1477 1893 1939 1961 Platonicorum
1993 1894 2382 1981 dialogorum
2416 1913 2568 1963 con·

712 2012 914 2093 ditio,
956 2026 1213 2077 naturae
1250 2011 1532 2108 ipsorum
1552 2057 1576 2091 ‚
1622 2030 1808 2094 quam
1830 2011 2145 2094 diximus,
2185 2030 2561 2095 congruens.

709 2127 869 2195 Eam
925 2126 1155 2194 habent
1211 2146 1354 2192 cum
1422 2125 1696 2193 auctoris
1758 2127 2166 2212 philosophia
2219 2128 2566 2224 necessitu-

694 2243 958 2325 dinem,
1000 2257 1074 2309 ut
1124 2261 1247 2308 una
1304 2244 1457 2310 haec
1505 2258 1673 2311 esset
1715 2246 2027 2313 scribendi
2083 2247 2242 2312 ratio
2267 2293 2291 2327 ‚
2336 2265 2459 2328 qua
2498 2259 2565 2314 et

714 2378 943 2432 sensus
1012 2377 1165 2424 suos
1230 2376 1448 2425 omnes
1491 2358 1801 2448 explicare
1849 2374 1915 2426 et
1976 2361 2227 2445 explere
2256 2359 2564 2427 scribendi

702 2477 1114 2561 ,propositum
1169 2494 1353 2542 suum
1412 2490 1656 2559 posset.
1746 2477 1819 2543 Id
1861 2493 2067 2546 autem
2128 2477 2290 2544 effici
2341 2478 2571 2545 intelli-

714 2594 956 2678 gique,
1024 2592 1149 2659 nisi
1198 2611 1277 2660 ex
1334 2592 1588 2678 propria
1629 2612 1850 2662 eorum
1898 2611 1962 2661 et
2007 2594 2322 2662 Socratica
2382 2598 2567 2679 plane

716 2710 957 2778 ratione
975 2757 999 2791 ‚
1043 2729 1174 2808 non
1221 2724 1463 2795 potest.
1499 2720 1507 2730 ’
1761 2711 1768 2718 ‘

799 2828 965 2894 Nam
1006 2845 1168 2911 quae
1206 2826 1648 2911 distinguendo
1684 2829 1983 2896 hactenus
2020 2830 2101 2896 de
2138 2829 2396 2914 scriptis
2440 2831 2573 2897 Pla-

714 2942 887 3009 tonis
947 2941 1532 3025 animadvertimus,
1592 2963 1668 3010 eo
1703 2949 1982 3028 ,valent‚
2047 2949 2153 3030 {ne
2203 2947 2354 3012 haec
2423 2965 2570 3014 cum

708 3059 972 3124 aliorum
1031 3057 1295 3143 dialogis
1355 3058 1861 3142 confundamus3
1950 3075 2020 3127 ut
2100 3079 2257 3127 vero
2323 3060 2570 3145 privam

692 3194 927 3245 -eorum
995 3174 1446 3262 propriamque
1511 3178 1809 3244 virtutem
1864 3177 2280 3262 percipiamus
2303 3221 2328 3257 ‚
2412 3178 2569 3245 satis

708 3292 917 3359 valere
952 3309 1085 3359 non
1131 3292 1445 3359 videntur.
1534 3291 1657 3361 Est
1692 3306 1896 3359 autem
1952 3292 2089 3358 talis
2132 3292 2272 3373 illa,
2317 3294 2569 3376 qualem

710 3411 851 3498 ipse
888 3410 955 3476 in
996 3408 1277 3478 Phaedro
1323 3413 1634 3494 spectavit
1655 3457 1680 3492 ‚
1725 3428 1917 3490 quum
1958 3410 2037 3476 de
2076 3407 2325 3496 optimo
2358 3409 2572 3478 unice-

712 3545 841 3611 que
882 3546 1037 3595 vcro
1094 3519 1405 3594 scribendi
1439 3545 1662 3613 genere
1694 3525 2106 3612 praeciperet.
2191 3527 2361 3596 Nam
2411 3547 2570 3622 pau-

710 3643 803 3709 cis
877 3645 1196 3728 exceptis,
1272 3659 1485 3728 partes
1559 3645 1626 3711 in
1679 3645 1758 3711 iis
1824 3645 2121 3712 omnibus
2199 3645 2564 3731 praecipuas

698 3755 895 3823 ¹babet
952 3760 1277 3828 Socrates:
1348 3758 1664 3830 inducitur
1713 3773 1919 3827 autem
1982 3761 2090 3827 ille
2114 3808 2138 3842 ‚
2200 3762 2379 3844 quod
2417 3761 2568 3828 scri-

696 3869 921 3962 ‚hendo
990 3875 1274 3961 inprimis
1340 3876 1727 3944 efficiendum
1791 3891 1963 3943 ratus
2030 3877 2209 3945 Plato
2266 3892 2403 3958 est,
2461 3894 2572 3944 ex-

708 3987 907 4057 citans
965 3988 1032 4056 in
1084 3993 1413 4063 hominum
1470 3992 1690 4062 animis
1738 3994 1942 4081 pulcri
1992 3991 2338 4080 bonique„
2391 4010 2572 4077 prae-

1541 4125 1550 4136 .
2442 4115 2574 4182 m„
