2792 5167
963 332 1088 423 ...’
1133 352 1276 453 1167
1359 416 1454 430 ..-

250 558 340 629 tia
401 578 473 624 ac
536 558 723 625 variis
778 556 1108 639 utriusque
1149 572 1210 622 et
1263 557 1596 641 generibus
1670 574 1735 629 et
1774 562 2124 630 auctoribus

255 674 752 759 pronunciaret,
798 689 994 741 tamen
1028 671 1279 741 fontem
1333 694 1711 758 aperuerunt
1756 680 1895 766 ejus
1930 678 2130 761 scrip·

261 807 327 856 ta
353 838 379 872 ‚
423 811 459 857 e
521 810 650 873 quo
696 793 773 859 ad
808 792 954 858 haec
1005 774 1212 861 studia
1252 796 1587 861 excolenda
1620 794 1937 863 haurirent
1974 816 2130 880 pos·

257 909 402 979 teri.
493 910 598 977 Ne
653 911 876 994 placita
907 913 1036 997 ejus
1085 911 1306 978 iterem
1340 913 1421 978 de
1470 912 1697 981 artium
1740 927 2003 995 natura,
2048 915 2128 978 de

255 1026 610 1094 imitatione
661 1031 921 1115 ejusque
982 1028 1326 1118 rationelet
1375 1029 1697 1113 consili0,
1737 1030 1980 1114 primus
2016 1031 2121 1097 ille

257 1142 424 1225 fuit,
472 1145 582 1227 qui
620 1145 1077 1231 exprimendam
1113 1161 1245 1212 arte
1289 1163 1678 1230 proponeret
1728 1149 1921 1216 ideam
1976 1154 2121 1234 pul-

251 1262 340 1327 cri
357 1310 381 1345 ,
425 1263 561 1331 sive
605 1262 967 1347 perfectum
1024 1263 1186 1327 illud
1238 1278 1302 1327 et
1363 1265 1671 1328 excellens
1691 1310 1719 1343 ,
1758 1280 1832 1330 ut
1885 1266 1973 1331 ait
2007 1267 2120 1332 Oi-

247 1397 397 1444 eero
420 1426 448 1459 ,
475 1376 542 1425 <¹³
585 1381 772 1464 cujus
812 1370 900 1444 ad
942 1377 1275 1461 cogitatam
1319 1379 1592 1462 speciem
1630 1379 1928 1447 imitando
1974 1380 2126 1446 refe-

257 1510 490 1559 runtur
532 1494 678 1574 illa,
724 1513 886 1574 quae
925 1493 1050 1559 sub
1089 1495 1314 1561 oculos
1371 1497 1624 1563 cadunt.
1710 1497 1904 1581 Quod
1942 1500 2129 1580 placi-

266 1626 404 1676 tum
431 1657 456 1691 ‚
520 1627 593 1676 ut
645 1630 680 1677 a
723 1610 1175 1679 recentioribus
1233 1612 1595 1695 diligentius
1640 1628 1830 1699 atque
1868 1633 1945 1681 ex
1976 1614 2134 1698 ,ipsa

263 1726 502 1809 mentis
563 1732 781 1795 natura
849 1727 1202 1810 expositum
1265 1744 1409 1811 est,
1465 1730 1552 1797 ita
1600 1713 1951 1815 antiquitus
1998 1733 2141 1817 jaun,

257 1844 352 1919 sic
404 1844 572 1927 cepit
609 1844 1023 1925 Ciceronem,
1067 1859 1139 1910 ut
1193 1845 1272 1911 ad
1323 1846 1482 1915 hanc
1550 1865 1828 1912 normam
1877 1845 2122 1931 perfec·

262 1979 399 2028 tum
447 1961 825 2028 describeret
860 1977 926 2026 et
960 1961 1156 2029 veluti
1189 1962 1551 2046 depingeret
1572 1961 1926 2031 Oratorem.
1967 1944 2125 2030 Non

265 2079 458 2165 hujus
513 2092 609 2145 εει
651 2076 824 2159 loci,
890 2079 1250 2145 methodum
1294 2096 1650 2163 exponere,
1711 2099 1898 2163 quam
1954 2082 2135 2162 sequi

256 2196 453 2291 jussit
491 2209 814 2280 quotquot
850 2194 1100 2263 dicendi
1145 2195 1590 2280 scribendique
1622 2195 1743 2264 arti
1772 2198 2092 2265 studerent
2113 2246 2138 2279 ‚

265 2314 520 2398 petitam
576 2314 745 2381 illam
801 2332 880 2379 ex
937 2312 1233 2380 interiore
1299 2314 1709 2399 philosophia
1728 2363 1753 2397 ,
1806 2314 2135 2399 magisque

263 2431 344 2497 ad
404 2430 585 2513 veri,
663 2450 852 2514 quam
905 2429 1108 2515 pulcri
1184 2429 1641 2515 indagationem
1696 2431 2134 2519 pertinentem,

261 2550 433 2634 Apte
483 2549 550 2617 id
604 2563 740 2617 tum
803 2548 1188 2637 intelligetur
1208 2596 1233 2631 ,
1297 2549 1551 2633 quando
1607 2552 1685 2617 ad
1719 2548 2038 2618 doctrinas
2069 2565 2133 2614 et

265 2666 615 2749 principem
651 2686 912 2743 earum,
985 2665 1366 2735 dialecticam
1390 2712 1425 2745 ‚.
1462 2665 1949 2747 pervenerimus,
2013 2668 2143 2732 Hic

276 2800 433 2851 vero
470 2800 700 2863 operae
740 2778 1016 2867 pretium
1079 2794 1176 2843 est
1200 2825 1226 2859 ,
1266 2778 1751 2845 animadvertere
1769 2826 1795 2859 ,
1834 2781 1973 2862 ipsa
2013 2781 2157 2846 Pla·

271 2898 450 2965 tonis
494 2896 732 2979 scripta
773 2897 1149 2962 documenta
1177 2913 1317 2960 esse
1350 2907 1416 2958 et
1434 2894 1616 2976 quasi
1649 2897 1925 2979 exempla
1962 2895 2149 2962 disci·

271 3015 535 3103 plina,
582 3033 768 3097 quam
787 3011 1000 3097 poetis
1031 3029 1094 3078 et
1135 3010 1495 3078 oratoribus
1534 3010 1807 3080 tradidit.
1826 3012 2025 3103 'Quod
2066 3013 2149 3077 ri-

267 3152 334 3206 te
375 3132 748 3201 observasse
766 3179 793 3215 ‚
842 3132 922 3198 ad
956 3130 1189 3214 scripta
1229 3130 1334 3199 illa
1373 3129 1769 3216 intelligenda
1822 3132 1986 3199 haud
2055 3134 2142 3197 lea

267 3253 368 3322 vis
395 3272 538 3331 esse,
575 3249 888 3319 momenti
931 3250 1203 3317 videtur.

349 3372 638 3438 Pulcrum
658 3370 902 3454 spirant
927 3367 1158 3452 dialogi
1191 3369 1471 3437 Platonis
1490 3388 1710 3437 omnes
1730 3389 1757 3452 3
1774 3370 1886 3435 sed
1917 3367 2139 3433 iisdem

283 3485 462 3568 (ιω-εἱ
528 3504 816 3570 expressa
875 3501 973 3552 est
1025 3485 1282 3553 virtutis
1342 3504 1534 3570 atque
1584 3486 1933 3554 honestatis
1996 3483 2149 3553 ima·

284 3616 400 3684 go.
481 3600 558 3667 In
604 3597 858 3668 eroticis
914 3616 1260 3669 occurrunt
1319 3595 1585 3687 juvenes
1655 3601 1893 3685 insigni
1939 3616 2005 3667 et
2042 3599 2146 3667 for

281 3717 393 3817 rna
432 3727 495 3779 et
534 3714 936 3801 amabilitate,
970 3719 1328 3801 Phaedrus,
1370 3717 1626 3802 Agatho
1658 3765 1686 3798 ‚
1723 3717 2169 3821 CharmideSQ

2072 3858 2145 3905 ex

355 3964 450 4039 (ι)
487 3966 646 4023 Orat.
680 3968 720 4022 1.
763 3969 805 4021 1.

1147 4069 1309 4156 ἰιι
