2792 5167
321 663 527 744 deque
586 659 820 725 virtute
861 675 925 725 et
957 658 1203 743 justitia
1260 657 1658 726 sermonibus
1698 657 2139 726 incalescentes
2156 704 2178 737 ‚

317 798 449 863 quo
492 796 563 847 se
601 774 873 844 invicem
915 794 1125 842 amore
1147 822 1173 858 ‚
1207 777 1457 842 ‘eodem
1505 773 1964 860 philosophiam
1982 821 2008 856 ‚
2069 793 2180 841 co·

318 899 448 965 lant
509 915 580 962 ac
638 909 1126 979 prosequantur.
1235 893 1450 979 Hujus
1500 907 1705 959 autem
1760 893 1903 977 puri
1943 893 2181 959 coeles·

318 1014 535 1098 tisque
590 1012 817 1079 amoris
842 1058 866 1093 ,
924 1011 1163 1095 quique
1221 1029 1386 1077 unus
1450 1009 1744 1077 dicendus
1802 1029 1982 1077 amor
2034 1023 2176 1088 est,

333 1132 638 1218 ejusmodi
696 1145 838 1215 est,
902 1129 1073 1212 quod
1138 1127 1453 1210 diximus,
1514 1127 1580 1194 in
1639 1126 1848 1196 animo
1904 1123 2175 1193 hominis

319 1248 417 1315 vis
476 1262 536 1315 et
594 1247 912 1316 efficacitas
937 1292 963 1328 ‚
1026 1260 1099 1313 ut
1159 1263 1343 1329 vagas
1399 1246 1538 1312 illas
1579 1263 1649 1311 ac
1690 1247 1976 1329 vulgares
2030 1242 2176 1310 libi-

319 1366 497 1433 dines
538 1366 816 1432 inhibeat
870 1383 942 1429 ac
1007 1367 1312 1430 coerceat.
1397 1360 1471 1429 Id
1510 1376 1712 1429 autem
1749 1381 1881 1444 quo
1924 1362 2172 1446 plenius

315 1481 730 1565 intelligatur,
784 1484 1058 1549 tattonis
1115 1480 1261 1547 item
1304 1479 1370 1546 in
1409 1478 1702 1547 libidines
1750 1480 1903 1546 istas
1939 1494 2172 1547 totum-

315 1618 440 1681 que
503 1599 774 1666 animum
834 1596 1180 1666 auctoritas
1239 1595 1679 1664 consideranda
1722 1596 1911 1664 nobis
1954 1595 2191 1679 exqui·‚

312 1715 622 1797 rendaque
662 1730 786 1782 est.

694 1952 812 2018 De
871 1957 1279 2021 rationis
1338 1956 1434 2017 in
1493 1956 1783 2018 animo

933 2072 1536 2141 auctoritate.

393 2304 466 2369 In
521 2301 699 2368 libris
756 2301 830 2369 de
889 2302 1156 2390 Legibus
1217 2304 1455 2388 hospes
1518 2301 1967 2384 Atheniensis,
2031 2304 2158 2369 duo

306 2420 495 2489 nobis
530 2422 786 2503 insunt,
830 2420 954 2502 ait,
1004 2421 1295 2487 contrarii
1331 2440 1403 2488 at:
1437 2421 1749 2487 dementes
1778 2418 2156 2500 consiliarii,

302 2557 468 2622 quos
516 2539 888 2627 voluptatem
929 2553 995 2604 et
1033 2538 1301 2605 dolorem
1343 2556 1816 2622 nuncupamus:
1861 2539 2162 2604 accedunt

300 2658 632 2742 opiniones
687 2658 764 2723 de
807 2656 992 2722 rebus
1032 2656 1315 2738 futuris,
1361 2676 1520 2740 quae
1572 2655 1866 2721 universo
1909 2655 2162 2722 nomine

301 2780 475 2854 ἐλπὶς
503 2825 525 2857 ,
591 2788 898 2856 quatenus
966 2788 1171 2839 autem
1228 2774 1306 2839 ad
1366 2793 1465 2839 res
1512 2772 1720 2840 tristes
1758 2770 2157 2854 referuntur,

297 2897 538 2978 φόβος,
606 2896 841 2973 timor,
902 2905 1214 2974 quatenus
1275 2892 1352 2957 ad
1412 2893 1602 2958 laetas
1625 2940 1650 2973 ‚
1711 2894 1951 2979 θάρῤος,
2015 2910 2159 2957 con·

286 3009 557 3094 fidentia
606 3009 924 3077 dicuntur.
1029 3010 1278 3077 Praeest
1337 3009 1509 3076 hisce
1570 3009 1899 3093 omnibus,
1947 3028 2104 3094 quae
2127 3057 2154 3094 ,

298 3127 453 3210 quid
474 3126 694 3192 melius
717 3126 782 3191 in
805 3125 881 3190 iis
903 3127 1034 3205 sit,
1082 3126 1236 3209 quid
1260 3128 1490 3210 pejus,
1547 3127 1894 3209 discemit‚
1938 3131 2156 3206 ratio,

300 3249 612 3327 λογισμὸς.
664 3239 746 3308 (²)
836 3241 995 3307 Rem
1051 3242 1345 3325 deinceps
1381 3244 1620 3326 hospes
1659 3241 1765 3309 ille
1805 3242 2051 3311 Cliniae
2090 3256 2158 3308 et

301 3358 608 3442 Megillo,
653 3378 785 3443 quo
824 3360 974 3425 haec
1010 3373 1425 3442 assequantur
1464 3357 1747 3439 facilius,
1797 3360 2156 3443 imaguncu-

302 3475 536 3555 larum,
579 3496 734 3558 quae
776 3474 1078 3542 funiculis
1121 3491 1503 3558 moventur,
1548 3475 2009 3559 comparatione
2047 3495 2157 3543 ex-

301 3590 516 3675 plicat.
606 3640 649 3673 „
689 3592 976 3660 Affectus
1025 3593 1086 3659 hi
1115 3639 1139 3673 ‚
1185 3592 1440 3676 inquit,
1484 3609 1556 3657 ut
1592 3590 1855 3658 funiculi
1884 3590 2153 3674 quidam

297 3723 408 3774 aut
447 3709 620 3776 nervi
659 3710 842 3775 nobis
876 3713 1099 3776 natura
1139 3709 1397 3791 insunt,
1445 3706 1683 3791 quibus
1708 3755 1732 3789 ‚
1770 3707 2151 3775 ludicrorum

300 3827 560 3894 istorum
621 3827 817 3893 instar
855 3826 1160 3892 trahimur
1201 3804 1693 3907 retrahimurque
1737 3825 1798 3891 in
1847 3824 2044 3891 varias
2096 3839 2160 3890 et

837 3942 844 3949 '
2011 3954 2165 4007 con·

376 4082 460 4150 (ι)
500 4084 590 4134 υ...
623 4079 869 4151 raeggA.
902 4081 1027 4137 644.
1054 4081 1120 4133 e.
1175 4076 1426 4132 csvtt.
1462 4078 1566 4133 sos
1604 4080 1670 4135 c.

1177 4181 1225 4245 13
1271 4205 1308 4250 a
