2792 5167
1468 436 1861 504 ›arrad-⁴

726 618 826 685 vis
864 618 966 683 vel
999 615 1225 683 serviat
1250 616 1307 680 ei
1348 629 1621 697 sponte,
1664 632 1869 707 tamen
1918 634 2048 682 non
2112 616 2397 684 indecora
2436 618 2568 703 ejus

724 735 989 802 habetur
1060 731 1355 798 servitus.
1442 731 1567 797 Hic
1616 748 1718 797 est
1774 733 2048 800 Uraniae
2110 736 2278 803 Deae
2328 737 2520 801 Amor
2541 779 2567 814 ‚

722 849 1009 917 coelestis
1052 849 1191 932 ipse
1254 864 1316 914 et
1373 848 1624 915 maximi
1683 850 2103 918 aestimandus
2181 868 2245 945 et
2309 851 2575 936 singulis

719 982 784 1034 et
859 965 1234 1032 universisz·
1297 984 1439 1033 nam
1511 981 1812 1033 amantem
1879 969 2109 1052 pariter
2176 986 2237 1036 et
2307 978 2571 1035 amatum

713 1086 790 1152 ad
862 1084 1161 1150 virtutem
1230 1082 1440 1149 ducit:
1516 1083 1742 1149 caeteri
1813 1087 2129 1169 vulgarem
2218 1101 2573 1169 sequuntur

710 1198 931 1269 Dear'n.
962 1200 1027 1247 (¹³
1569 1192 1581 1207 ‘

788 1312 971 1385 Talis
1019 1332 1114 1383 est
1139 1365 1165 1399 ‚
1240 1313 1443 1399 quem'
1474 1318 1653 1384 Plato
1722 1317 2101 1405 celebravit!⁹
2162 1324 2380 1383 amor:
2447 1334 2569 1383 nec

710 1435 1040 1519 quisquam
1087 1435 1238 1501 haec
1280 1432 1462 1500 facile
1503 1435 1720 1519 legerit
1743 1482 1767 1517 ,
1806 1435 1959 1519 quin
2005 1450 2254 1505 nostrae
2307 1433 2570 1501 rationis

710 1570 772 1620 et
825 1554 1117 1636 antiquae
1168 1554 1502 1619 discrimen
1566 1554 2033 1633 animadvertat.
2118 1551 2571 1620 Accommoda-

707 1688 855 1737 runt
911 1692 1051 1739 eum
1098 1673 1239 1739 Itali
1277 1688 1500 1756 poetae
1533 1674 1608 1738 ad
1650 1672 2042 1738 celebrandas
2089 1685 2317 1737 amatas
2378 1688 2525 1738 suas
2543 1716 2570 1752 ‚

703 1799 767 1851 et
811 1783 1216 1867 profecerunt
1261 1785 1407 1851 inde
1449 1786 1704 1851 mirifice
1758 1800 1819 1850 et
1862 1785 1928 1850 hi
1984 1801 2046 1850 et
2095 1786 2201 1852 alii
2251 1789 2434 1852 multi
2488 1786 2572 1852 ad

667 1890 1134 2008 ⁸exprimendos
1189 1920 1387 1984 puros
1440 1916 1503 1968 et
1559 1901 1860 1968 sublimes
1919 1917 1981 1967 et
2049 1904 2357 1969 coelestes
2405 1904 2567 1971 adeo

693 2021 1042 2089 animorum
1075 2039 1343 2103 sensus,
1384 2038 1494 2086 eos
1526 2020 1885 2105 praesertim
1908 2067 1935 2102 ‚
1989 2019 2102 2102 qui
2134 2019 2376 2103 puriori
2411 2038 2571 2086 con-

694 2143 980 2210 venirent
1005 2139 1318 2226 religioni.
1389 2140 1517 2207 Sed
1546 2158 1719 2204 amor
1753 2140 1921 2221 apud
1942 2139 2258 2206 Platonem
2280 2182 2303 2219 ‚
2348 2157 2571 2220 quam-

694 2262 795 2329 vis
829 2259 1122 2326 coelestis
1148 2257 1295 2322 item
1320 2273 1384 2321 et
1420 2255 1646 2338 pariter
1682 2255 1936 2321 tendens
1974 2255 2277 2323 advitam
2319 2255 2565 2323 beatam

692 2394 756 2444 et
788 2381 1160 2456 coelestem,
1204 2376 1281 2441 ad
1301 2374 1912 2462 Philosophiam
1940 2372 2207 2455 pertinet
2238 2373 2560 2456 proxime,

693 2515 823 2562 non
859 2496 938 2561 ad
984 2493 1374 2576 religionem.
1465 2491 1689 2558 Studet
1732 2490 2048 2557 sanctitati
2086 2490 2402 2574 integrae,
2448 2492 2563 2558 sed

686 2628 862 2680 amor
913 2626 1010 2677 est
1060 2610 1317 2694 proprie
1366 2609 1547 2690 veri,
1609 2608 1806 2688 boni,
1866 2608 2162 2689 virtutis,
2207 2608 2274 2672 in
2333 2608 2559 2690 primis

683 2731 1048 2819 sapientiae.
1116 2732 1483 2815 Φρόνησις
1510 2775 1533 2808 .,
1575 2726 1661 2792 ait
1714 2728 2000 2791 Socrates
2029 2774 2052 2809 ‚
2096 2725 2154 2793 si
2194 2728 2481 2811 conspici
2524 2751 2562 2798 a

688 2852 1057 2920 mortalibus
1125 2864 1385 2933 posset,
1451 2846 1840 2913 admirabiles
1891 2846 1993 2912 sui
2045 2845 2338 2912 excitaret
2384 2866 2558 2914 amo-

687 2992 811 3038 rcS.
856 2969 919 3015 ω
982 2972 1202 3050 Itaque
1255 2966 1495 3033 amabat
1561 2965 1667 3031 ille
1731 2967 2200 3048 adolescentes,
2252 2967 2334 3032 in
2391 2988 2558 3050 quo-

685 3105 822 3150 rum
857 3084 1120 3166 ingeniis
1169 3085 1355 3146 latere
1405 3086 1780 3164 φρόνησις
1847 3083 2207 3164 videretur,
2253 3104 2435 3165 quam
2487 3088 2555 3153 in

675 3201 877 3265 lucem
947 3197 1291 3278 producere
1367 3174 1700 3262 miscendis
1768 3199 2164 3267 sermonibus
2231 3202 2550 3273 studebat.

682 3314 824 3382 Hos
886 3317 1225 3383 παιδικὰ
1266 3310 1531 3377 vocabat
1584 3332 1745 3395 sua,
1797 3333 2138 3396 eorumque
2203 3298 2269 3380 in
2321 3318 2550 3387 animis

2402 3436 2544 3513 ἑντ.

749 3651 832 3721 (ι)
872 3647 1060 3719 Symp.
1098 3651 1198 3703 180
1233 3649 1278 3701 C
1313 3674 1392 3691 -—
1431 3650 1528 3702 183
1562 3649 1626 3702 C.
1664 3650 1748 3702 De
1800 3649 2014 3702 Venere
2050 3652 2254 3722 vulgari
2294 3663 2350 3707 et
2411 3675 2546 3712 coe-

677 3740 802 3790 lesti
850 3739 916 3791 V.
955 3740 1100 3791 plut.
1161 3742 1338 3791 Amat.
1376 3739 1479 3809 764
1537 3742 1605 3790 A.
1643 3740 1730 3791 Cf.
1768 3741 1886 3810 762.
1949 3744 2018 3791 A.
2077 3742 2169 3793 ubi
2210 3744 2277 3794 ab
2328 3760 2544 3815 Aegyp.-

673 3826 767 3879 tii·
807 3827 943 3881 hanc
996 3820 1299 3884 doctrinam
1338 3831 1555 3895 repetit.
1624 3830 1765 3883 Hinc
1803 3831 2032 3882 maxime
2084 3841 2263 3899 patet,
2304 3854 2541 3905 quomo-

677 3914 749 3965 do
791 3916 989 3967 Graeci
1045 3919 1324 3969 orientalia
1346 3919 1411 3968 ad
1447 3937 1593 3971 suam
1634 3920 1897 3971 rationem
1940 3923 2407 3979 accommodum.
2444 3926 2535 3981 Cf·

674 4001 950 4071 Reyudera
982 4005 1049 4054 ed
1090 4006 1145 4057 h.
1188 4007 1225 4057 l.
1260 4025 1315 4075 p.
1373 4009 1461 4062 44.
1565 4010 1657 4081 (2)
1700 4008 1918 4063 Praedr.
1956 4009 2056 4064 250
2092 4011 2165 4064 D.
