2792 5167
1522 468 1875 531 „30-

770 650 898 700 tum
940 633 1155 712 abest,
1242 648 1315 700 ut
1359 652 1515 698 suus
1574 634 1869 700 habeatur
1902 630 2183 716 justitiae
2233 635 2452 700 honos
2479 683 2511 717 ,
2582 654 2657 702 ut

761 751 1017 836 injusti,
1077 751 1188 834 qui
1241 751 1388 816 item
1432 749 1635 817 callidi
1677 766 1871 829 sunt,
1951 750 2019 815 in
2062 751 2304 817 coelum
2344 751 2650 820 ferantur

761 869 1047 934 laudibus
1070 914 1094 949 ,
1158 883 1637 934 contemnantur
1697 886 1848 933 vero
1900 868 2058 953 justi
2128 888 2199 935 ac
2282 870 2642 940 rideantur.

762 986 851 1051 Et
891 1003 1042 1050 vero
1108 984 1264 1049 nibil
1313 983 1586 1049 accidere
1648 982 1713 1048 in
1768 984 1893 1048 vita
1944 983 2224 1050 crebrius
2294 985 2642 1067 videmus,

760 1122 946 1185 quam
1000 1118 1072 1168 ut
1117 1102 1371 1186 injustis
1425 1101 1621 1181 bene,
1660 1099 1855 1186 justis
1909 1103 2069 1166 male
2122 1103 2233 1168 sit.
2338 1104 2634 1185 Verum,

759 1234 871 1299 ut,
914 1219 1167 1303 cognita
1207 1223 1470 1301 caussa,
1512 1238 1635 1284 rem
1689 1218 2099 1302 dijudicemus
2153 1236 2362 1302 recte,
2412 1222 2631 1305 ipsum

756 1336 1074 1403 audiamus
1124 1336 1658 1419 Thrasymachum
1681 1383 1705 1416 ,
1787 1338 1851 1401 in
1909 1337 2157 1403 Politia
2216 1339 2502 1406 Platonis
2568 1354 2631 1406 et

755 1452 871 1519 ista
922 1468 986 1520 et
1037 1453 1154 1519 alia
1215 1454 1438 1535 placita
1489 1453 1994 1536 profundentem.

833 1573 904 1637 In
940 1570 1189 1655 dialogo
1223 1573 1457 1650 hocce,
1505 1590 1686 1654 quem
1742 1572 1819 1636 de
1863 1572 1984 1635 hoc
2025 1570 2166 1654 ipso
2205 1586 2626 1655 argumento,

744 1690 822 1754 de
881 1688 1127 1772 justitia
1186 1706 1248 1754 et
1307 1686 1600 1754 felicitate
1669 1686 2089 1771 philosophus
2154 1688 2454 1772 scripsit,
2548 1702 2624 1753 ut

741 1820 1170 1872 convenerunt
1209 1806 1274 1871 in
1315 1805 1583 1887 Cephali
1626 1805 1798 1883 senis
1840 1806 2059 1886 aedes,
2126 1805 2238 1889 qui
2277 1804 2342 1870 in
2385 1805 2615 1872 Piraeo

743 1923 1095 2003 habitabat,
1137 1942 1280 1990 cum
1319 1923 1423 1989 alii
1462 1923 1687 2005 multi,
1729 1940 1860 1989 tum
1898 1924 2175 1991 Socrates
2213 1938 2272 1987 et
2308 1922 2613 2003 Glauce,

739 2042 1028 2106 oriuntur
1065 2044 1370 2106 continuo
1414 2042 1493 2106 de
1524 2041 1704 2123 iusto
1748 2055 1810 2105 et
1848 2040 1927 2105 de
1957 2038 2194 2124 justitia
2232 2056 2607 2119 sei-mona,

737 2160 802 2224 in
856 2158 1089 2242 quibus
1149 2158 1416 2241 primum
1473 2157 2027 2241 Thrasymachus,
2077 2172 2209 2223 tum
2265 2156 2407 2241 ipse
2454 2175 2603 2222 cum

735 2277 1065 2344 Glaucone
1104 2292 1166 2342 et
1211 2276 1546 2343 Adimanto
1604 2277 1891 2342 Socrates
1937 2290 2145 2357 partes
2190 2273 2433 2341 dicendi
2477 2293 2606 2338 ma·

735 2395 901 2459 xime
936 2394 1149 2460 habet.
1232 2394 1394 2461 Nam
1432 2408 1832 2477 posteaquam
1866 2411 2008 2459 cum
2047 2390 2428 2473 Simonidis,
2460 2407 2593 2457 tum

735 2512 998 2580 aliorum
1066 2512 1127 2577 in
1183 2512 1484 2598 justitiam
1540 2512 1702 2577 dicta
1754 2510 2236 2594 interrogando,
2323 2528 2393 2578 ut
2440 2510 2597 2576 sole·

732 2628 840 2694 bat
866 2676 890 2709 ,
953 2631 1300 2713 exploravit
1343 2628 1671 2709 Socrates,
1734 2628 2246 2712 Thrasymachus
2290 2631 2458 2697 hunc
2492 2631 2597 2697 de·

733 2764 986 2828 repente
1035 2761 1099 2811 et
1153 2746 1276 2823 ira,
1344 2760 1416 2808 ut
1457 2744 1789 2827 apparebat
1812 2792 1835 2825 ,
1904 2747 2358 2811 excandescens
2412 2747 2587 2829 plane

729 2863 1125 2947 aggreditur:
1171 2865 1470 2945 nullaque
1502 2878 1779 2928 retentus
1806 2862 2217 2945 verecundia,-
2264 2863 2420 2945 quid
2455 2880 2591 2929 sen·

731 2979 843 3045 tiat
886 2982 962 3045 de
1001 2978 1279 3063 justitia,
1333 2980 1524 3045 libere
1569 2995 1632 3047 et
1674 2982 1870 3064 palam
1926 2979 2283 3064 profitetur.
2370 2981 2589 3047 Excla-

729 3116 903 3163 mans
956 3097 1148 3179 igitur
1198 3097 1554 3178 continuo,
1621 3118 1778 3179 quae
1818 3116 1973 3178 vos,
2019 3118 2061 3162 o
2105 3098 2430 3177 Socrates,
2491 3096 2583 3163 in-

733 3215 913 3296 quit,
1003 3212 1305 3279 dementia
1371 3227 1583 3289 tenet,
1648 3216 1937 3280 cedentes
2018 3215 2203 3280 vobis
2278 3214 2585 3280 invicem?

726 3332 973 3417 Quodsi
1035 3349 1244 3395 revera
1306 3350 1497 3397 nosse
1555 3332 1738 3414 cupis
1794 3334 2037 3417 justum
2107 3333 2264 3414 quid
2320 3333 2449 3414 sit,
2506 3352 2583 3398 ne

727 3453 1033 3534 interroga
1091 3449 1293 3514 solum
1344 3466 1502 3515 neve
1544 3447 1788 3514 vincere
1836 3451 2211 3533 concupisce
2256 3451 2587 3535 reprehen-

722 3568 973 3649 dendo,
1018 3582 1350 3652 postquam
1417 3566 1535 3631 tibi
1585 3586 1951 3649 responsum
1992 3567 2179 3634 fuerit
2220 3596 2315 3614 -·
2356 3570 2421 3635 id
2469 3569 2589 3634 sci·

723 3683 866 3749 licet
929 3703 1186 3766 tenens,
1256 3683 1505 3750 facilius
1560 3703 1700 3751 esse
1762 3689 2183 3770 interrogare,
2250 3706 2434 3769 quam
2484 3705 2588 3752 re·

725 3805 1031 3884 spondere
1069 3840 1162 3858 --
1206 3805 1315 3869 sed
1361 3819 1429 3868 tu
1476 3802 1962 3889 ipse·responde
2012 3824 2081 3870 ac
2114 3805 2258 3885 dic,
2308 3824 2588 3888 quaeso,

723 3919 877 4001 quid
916 3902 1328 4004 essc'justum
1375 3921 1728 3986 existimes:
1819 3940 1930 3985 nec
1980 3940 2128 3986 vero
2175 3921 2323 3988 mihi
2366 3922 2586 4000 dicas,

718 4054 855 4101 csse
923 4036 1076 4100 illud
1137 4037 1304 4122 quod
1359 4056 1592 4125 oportet
1613 4085 1635 4118 ,
1705 4042 1802 4103 vel
1865 4038 2029 4124 quod
2082 4040 2236 4104 mile
2293 4055 2417 4120 est,
2478 4042 2585 4104 vel

2422 4159 2587 4241 quod
