2792 5167
1454 447 1844 512 -168-

726 625 1155 713 etyrannlde,
1215 640 1291 695 ut
1344 625 1653 713 descripta
1699 648 1738 695 a
1786 626 2056 695 Platone
2108 637 2256 706 est,
2308 621 2486 690 effici
2537 623 2612 690 in

728 746 941 832 primis
979 764 1217 831 posse,
1272 746 1860 828 animadvertimus3
1927 764 2011 811 ex
2065 743 2180 810 bac
2227 756 2456 808 antem
2502 754 2608 824 ty-

726 861 961 927 rannici
1005 862 1125 928 viri
1172 858 1590 947 descriptione
1645 878 1776 928 non
1835 860 2086 940 minus,
2133 858 2384 939 credo,
2439 877 2608 940 quae

726 976 1057 1061 hominis,
1109 977 1293 1063 sive,
1350 994 1423 1045 ut
1477 996 1596 1044 nos
1647 976 2016 1058 loquimur,
2057 973 2336 1040 moram·
2394 973 2490 1040 sit
2531 972 2609 1038 li-

736 1094 943 1160 bertas
968 1143 993 1175 ,
1034 1094 1416 1179 intelligitur.
1521 1093 1778 1162 Etliicae
1799 1093 1964 1174 apud
1987 1108 2109 1158 nos
2131 1092 2455 1155 doctor&
2493 1092 2608 1154 ho-

738 1210 962 1279 minem
995 1231 1132 1278 esse
1154 1210 1368 1275 dicunt
1393 1227 1665 1275 naturam
1688 1210 2022 1287 moralem,
2059 1210 2314 1288 quippe
2351 1206 2608 1270 moralis

736 1326 1039 1392 libertatis
1098 1326 1497 1410 participema
1575 1341 1643 1391 et
1699 1341 1865 1390 recte
1928 1322 2185 1405 quidem
2247 1323 2402 1404 illi,
2480 1340 2607 1404 quo

744 1441 940 1525 magia
999 1441 1142 1507 inde
1195 1441 1509 1526 efficiant,
1561 1461 1750 1527 posse
1790 1457 1983 1509 semet
2026 1440 2241 1524 ipsum
2285 1442 2609 1522 corrigere

736 1576 810 1623 ac
847 1556 1141 1640 perficere
1178 1558 1521 1627 hominem.
1603 1559 1745 1642 Ego
1774 1577 1922 1624 vero
1959 1574 2092 1622 non
2115 1558 2330 1623 ausim
2368 1557 2436 1622 id
2473 1555 2610 1621 uni-

740 1691 917 1739 verse
969 1676 1049 1740 de
1106 1674 1431 1741 hominum
1500 1693 1721 1759 genere
1781 1692 2103 1757 usurpare.
2191 1673 2372 1739 Nam
2427 1672 2608 1757 patm'

736 1788 1115 1871 admodum,
1159 1789 1215 1855 si
1255 1808 1381 1856 rem
1419 1790 1538 1856 rite
1583 1792 2120 1875 perspexerimus,
2163 1808 2400 1874 reapse
2432 1789 2606 1855 liberi

742 1919 934 1972 sunt:
998 1904 1219 1971 caeteri
1276 1905 1557 1972 libertate
1619 1908 1831 1973 morali
1887 1920 2120 1974 carent.
2210 1907 2392 1990 Regi
2447 1907 2608 1973 enin

744 2039 885 2088 sese
923 2040 961 2087 a
999 2022 1451 2106 cupiditatibus
1494 2022 1982 2104 libidinibusque
2031 2022 2172 2088 suis
2217 2022 2309 2090 ita
2363 2024 2609 2108 patiun-

746 2152 898 2222 tur,
953 2153 1025 2205 ut
1078 2157 1338 2224 prorsus
1393 2140 1520 2205 sint
1567 2138 1644 2206 iis
1699 2140 2019 2205 submissi.
2125 2141 2270 2206 Nec
2335 2159 2495 2205 vero
2551 2141 2610 2204 id

748 2256 1307 2323 vehementissimis
1366 2272 1605 2322 tantum
1655 2254 2094 2336 vilissimisque
2146 2256 2608 2337 cupiditatibus

748 2368 1141 2437 tribuendum
1183 2388 1325 2455 est;
1370 2371 1650 2437 similiter
1688 2371 2006 2454 imperium
2048 2371 2112 2435 in
2154 2388 2278 2435 nos
2320 2386 2608 2437 exercent

751 2504 822 2552 ac
863 2486 1260 2553 dominantur
1304 2491 1482 2572 plane
1515 2506 1654 2554 cum
1695 2487 1902 2553 minus
1932 2487 2169 2570 abjecta
2214 2486 2606 2553 honestiora·

752 2620 878 2684 que
921 2602 1168 2682 studia,
1214 2618 1342 2668 tum
1386 2601 1716 2688 opiniones
1761 2603 2232 2688 praejudicatae.
2325 2605 2454 2669 llis
2503 2625 2604 2670 au·

750 2730 878 2782 tem
917 2718 1064 2800 quis
1097 2718 1335 2783 tandem
1383 2719 1732 2784 mortalium
1776 2734 1912 2799 est,
1954 2719 2063 2801 qui
2107 2721 2291 2801 plane
2339 2738 2412 2784 se
2456 2720 2602 2786 libe-

750 2850 888 2897 rum
933 2831 1139 2915 possit
1176 2834 1573 2915 praedicare?
1656 2833 2072 2920 Quamobrem
2113 2851 2244 2899 non
2285 2836 2494 2918 tnagis
2535 2838 2604 2901 li·

752 2944 944 3027 bera,
981 2965 1162 3028 quam
1207 2947 1458 3029 sapiens
1505 2967 1612 3015 aut
1653 2948 1922 3034 perfecta
1972 2967 2227 3029 natura,
2273 2951 2477 3018 homo
2517 2932 2600 3018 df·

750 3061 986 3129 cendus
1038 3076 1183 3143 est,
1242 3063 1479 3147 quippe
1539 3083 1670 3130 non
1724 3068 1919 3151 magis
1951 3066 2255 3131 libertatis
2306 3069 2598 3147 moralis,

756 3196 939 3260 quam
978 3176 1312 3260 sapientiae
1346 3198 1415 3244 ac
1463 3176 1867 3262 perfectionis
1904 3184 2233 3265 particeps.
2327 3186 2418 3249 Et
2454 3205 2596 3250 veto

755 3293 1114 3379 tyrannicus
1170 3295 1290 3360 iste
1342 3297 1536 3362 homo
1586 3297 1825 3364 belluae
1872 3315 1968 3365 est
2019 3299 2282 3383 potius,
2341 3301 2596 3381 praedae

756 3410 1050 3480 inhiantis
1089 3430 1237 3477 suae
1273 3413 1500 3495 suique
1537 3412 1896 3496 impotentis
1937 3434 2192 3499 prorsus
2217 3460 2244 3495 ,
2291 3436 2481 3496 quam
2529 3419 2596 3482 li-

757 3529 941 3595 berae
983 3545 1235 3595 naturae
1283 3528 1531 3595 similis.
1615 3528 1866 3613 Quodsi
1910 3530 2305 3610 quaerimus,
2383 3551 2588 3614 quem-

757 3643 1088 3709 admodum
1161 3645 1292 3710 fieri
1366 3645 1557 3711 homo
1625 3645 1927 3711 libertatis
1985 3642 2232 3711 moralis
2291 3648 2583 3729 particeps

758 3758 1006 3840 possit,
1058 3760 1136 3825 ab
1177 3760 1293 3825 hoc
1334 3762 1398 3826 in
1440 3759 1653 3844 primis
1698 3761 1943 3826 immani
1988 3761 2425 3843 ferissimoque
2457 3764 2584 3829 viro

756 3876 1113 3959 conjectura
1168 3880 1434 3957 petenda
1498 3894 1635 3962 est,
1704 3892 1822 3957 ut,
1894 3896 2052 3961 quae
2108 3879 2266 3964 justi
2333 3880 2419 3944 sit
2477 3879 2578 3944 viri

760 3988 1081 4071 conditiO,
1138 4007 1562 4083 assequamur.
1648 3993 1863 4063 Prouti
1914 3995 1974 4060 in
2023 3993 2128 4060 illo
2174 3995 2344 4061 omni
2388 4012 2577 4062 aucto-

2512 4132 2576 4177 n·
