2792 5167
285 759 408 805 m
469 741 593 823 γὰρ
637 743 697 810 ἐν
743 744 1158 828 βραχυτάτοις
1206 725 1428 813 κεῖταί.
1516 740 1668 808 Non
1714 745 1872 808 enlm
1922 762 2146 815 veren-

280 847 436 916 dum
462 898 488 934 ‚
528 874 605 920 ne
657 860 792 943 quis
827 856 1004 923 illud
1042 858 1485 938 obliviscatur,
1549 860 1608 923 sl
1650 845 1836 923 =teme!
1867 878 2135 951 concepe-

220 1011 233 1016 -
279 973 379 1035 rit
438 977 646 1038 animo
665 994 692 1039 .·
773 994 915 1040 nam
982 978 1253 1042 omnium
1302 975 1702 1063 pauclssimIs
1761 977 2131 1058 contimtur.

282 1083 641 1155 Conimotis
695 1089 852 1155 enim
917 1088 983 1155 in
1038 1091 1246 1156 animo
1265 1137 1290 1172 ,
1359 1089 1468 1172 qui
1527 1091 1720 1156 latent
1738 1136 1764 1172 ‚
1807 1078 2140 1176 igniculis,-

278 1204 459 1268 ardor
478 1252 502 1286 ,
550 1205 661 1288 qui
692 1191 873 1274 ‘inde
930 1205 1181 1273 exsistit
1227 1222 1291 1273 et
1351 1207 1531 1290 quasi
1590 1206 1754 1293 ignis
1812 1185 2013 1275 semet
2045 1207 2142 1294 ip·

269 1337 342 1388 se
378 1307 516 1389 alit‘.
1403 1329 1410 1340 '
1741 1331 1748 1342 ‘
1977 1337 1986 1348 ’

357 1437 489 1504 Sed
544 1438 713 1504 dicat
770 1438 874 1505 hic
904 1438 1196 1520 'aliquiax
1282 1437 1535 1523 scripsit
1596 1452 1799 1506 tamen
1856 1440 2137 1527 dialogos

275 1551 505 1635 Pium,
526 1571 690 1636 quos
728 1572 897 1619 nunc
943 1553 1233 1639 legimus.
1336 1555 1411 1621 Id
1435 1573 1586 1623 vero
1605 1603 1630 1638 ,
1675 1574 1717 1622 o
1754 1556 1962 1639 bone,
2008 1576 2139 1626 non

274 1684 463 1756 negat
492 1670 561 1737 in
597 1671 868 1757 epistola
886 1670 994 1739 illa
1017 1688 1274 1741 auctore
1298 1671 1456 1741 dixit
1493 1673 1648 1740 adeo
1675 1720 1699 1756 ‚
1729 1681 1908 1757 ‘quae
1941 1679 2138 1764 ipsivs

274 1785 531 1853 nomine
570 1787 801 1871 scripta
824 1787 1136 1855 ferrentur
1155 1836 1178 1870 ,
1221 1789 1371 1856 haec
1407 1790 1680 1858 Socratis
1717 1809 1881 1860 esse.
1943 1792 2139 1882 Quod

272 1917 341 1971 et
383 1922 531 1971 vere
567 1904 1054 1988 pronunciavit:
1098 1921 1235 1971 nam
1304 1918 1457 1971 sunt
1517 1906 1773 1972 omnino
1822 1923 1982 1990 quae
2020 1925 2137 1974 no-

267 2020 366 2086 bis
417 2022 649 2105 scripta
702 2020 1002 2103 reliquit,
1071 2021 1375 2090 Socratici
1436 2031 1818 2092 sermonest'
1862 2037 1928 2093 et
1983 2043 2137 2094 sane

271 2131 361 2204 sic
411 2138 848 2222 pronunciavit
871 2185 894 2219 ‚
944 2152 1051 2220 ut,
1097 2139 1249 2222 quid
1296 2140 1377 2206 de
1421 2141 1559 2226 ejus
1595 2140 1855 2227 dialogis
1913 2142 2131 2209 existi·

268 2255 551 2322 mnndum
602 2255 688 2320 sit
712 2301 735 2334 ‚
798 2255 1222 2321 declaraverit.
1310 2236 1484 2320 Nam
1531 2273 1631 2321 res
1694 2256 1991 2338 profecto
2033 2257 2123 2324 ita

263 2390 337 2439 se
388 2370 621 2437 habett
670 2387 835 2451 quae
884 2368 1020 2434 sive
1054 2387 1092 2433 a
1132 2368 1390 2433 Socrate
1443 2368 1582 2433 sive
1630 2368 1707 2432 ab
1763 2369 1899 2434 aliis
1953 2388 2126 2439 acee-

267 2499 446 2572 perat
502 2484 640 2550 sive
696 2496 1023 2566 pepererat
1076 2481 1253 2565 ipse,
1337 2481 1455 2549 hac
1535 2482 1848 2551 scribendi
1890 2483 2130 2554 ratione

230 2585 543 2688 'posteris
590 2599 868 2666 tradidit.
975 2599 1117 2684 Qua
1179 2597 1245 2663 in
1302 2605 1419 2678 τες
1447 2585 1640 2681 'quod
1696 2601 1776 2666 de
1829 2602 2127 2686 magistro

264 2718 543 2787 diximus
569 2761 595 2797 ‚
678 2714 838 2781 nihil
890 2733 1034 2781 eum
1084 2715 1289 2797 magni
1341 2699 1704 2800 aggressum
1760 2705 2136 2800 pollicitum.

267 2852 447 2919 que,
510 2830 773 2900 maxima
848 2830 1231 2914 perfecisse,
1293 2832 1566 2899 mudem'
1602 2833 1997 2918 agnoscimus
2062 2837 2126 2904 in

258 2951 576 3036 discipulo
620 2965 686 3018 et
734 2949 1190 3032 simplicitatem
1234 2964 1297 3017 et
1339 2949 1658 3018 virtutem.
1705 2951 1912 3019 ‘Nam
1954 2941 2126 3021 ‘hunc

259 3069 327 3138 in
371 3068 624 3137 modum
655 3063 911 3149 scripsit
956 3065 1306 3132 Socraticos
1357 3073 1677 3136 sermones
1701 3118 1726 3151 ‚
1769 3085 1888 3153 ut,
1935 3089 2121 3154 quam

254 3187 323 3254 in
380 3186 659 3256 Phaedro
711 3182 1167 3250 commendavit
1215 3169 1534 3250 scribendi
1581 3185 1917 3268 rationem,
1974 3207 2122 3256 cum

258 3303 402 3387 ipso
459 3300 789 3369 scribendo
847 3299 1131 3367 Phaedro
1153 3346 1176 3380 ,
1219 3315 1351 3365 tum
1398 3300 1661 3367 caeteris
1713 3299 1965 3383 scriptis
2023 3321 2132 3368 ex-

148 3455 161 3468 ·
267 3417 590 3502 presserit:
647 3417 948 3498 quodque
1004 3413 1164 3482 effici
1218 3415 1375 3500 dixit
1434 3407 1722 3482 fainiliari
1757 3413 1924 3480 vitae
1971 3433 2130 3481 con-

274 3532 599 3598 suetudine
648 3531 1012 3613 mutuisque
1065 3531 1462 3600 sermonibus
1486 3580 1511 3615 ,
1592 3531 1658 3598 id
1711 3530 1790 3596 iis
1853 3528 2130 3597 scriben-

272 3647 372 3716 dis
413 3647 478 3712 in
534 3646 756 3714 animis
795 3649 1098 3715 lectorum
1142 3647 1444 3716 effecerit.
1532 3648 1683 3737 Quo
1729 3635 1962 3714 factum
1989 3696 2012 3730 ‚
2057 3666 2130 3718 ut

267 3762 485 3833 nullus
557 3763 747 3830 fuerit
826 3763 891 3829 in
957 3766 1330 3849 antiquitate
1386 3763 1860 3849 philosophus,
1943 3770 2125 3854 cujus

265 3881 503 3966 scripta
552 3881 628 3947 ad
684 3880 957 3961 quodvis
1020 3900 1219 3968 genus
1285 3881 1612 3948 hominum
1668 3881 1945 3954 veritatis
2007 3886 2137 3952 vir-

270 4000 557 4085 tutisque
594 4014 804 4063 amore
862 3996 1364 4066 inflammandum
1409 3997 1716 4068 valuerint
1775 3997 1971 4087 magis
1992 4047 2018 4090 ,
2061 4001 2131 4066 in

850 4127 857 4136 ·
1166 4113 1201 4183 1
1854 4111 1908 4188 .,’
2005 4111 2127 4179 cl·-
