2792 5167
1442 446 1785 526 ...96-

676 631 892 702 miliari
934 630 1102 699 vitae
1160 626 1597 709 sermonisque
1647 627 2109 697 consuetudine
2137 678 2163 715 ,
2205 633 2269 699 in
2304 636 2520 722 vulga.

666 744 723 815 ri
768 746 1081 817 scribendi
1127 741 1521 826 docendique
1575 744 1818 811 ratione
1840 792 1866 825 ,
1929 744 2064 813 fere
2137 751 2516 836 syllogismis

668 866 957 935 homines
1006 863 1088 929 ad
1128 860 1543 927 declarandam
1579 860 1946 928 sententiam
2003 882 2176 930 suam
2201 913 2225 946 ,
2282 888 2423 934 raro
2461 884 2526 937 et

665 978 779 1050 vix
821 997 1096 1062 unquam
1127 976 1489 1044 inductione
1526 992 1804 1044 utantur.
1887 979 2212 1047 Probando
2251 984 2525 1070 scilicet,

670 1116 859 1182 quam
932 1094 1300 1163 inveniendo
1324 1140 1349 1173 ,
1431 1106 1502 1158 ut
1559 1108 1873 1177 possunt,
1932 1098 2015 1163 ita
2076 1101 2283 1166 solent
2330 1102 2520 1169 etiam

668 1215 865 1299 magis
924 1230 1175 1297 operam
1249 1228 1501 1277 navare.
1634 1210 1770 1277 Nec
1831 1231 1981 1279 vero
2041 1230 2165 1281 tam
2231 1218 2517 1285 studiose

667 1330 839 1399 omni
900 1347 1059 1397 aevo
1111 1346 1453 1413 puerorum
1513 1326 1832 1393 instutioni
1889 1330 2227 1398 adhibitum
2281 1332 2519 1401 fuisset

540 1482 545 1487 ·
664 1446 956 1519 Euclidis
1008 1464 1216 1531 opus,
1260 1445 1315 1511 si
1376 1463 1508 1511 non
1569 1446 1883 1530 synthesis
1929 1466 2126 1529 aeque
2181 1449 2516 1516 hominum

668 1566 866 1634 menti
888 1612 914 1648 ‚
954 1578 1148 1648 atque
1197 1562 1466 1646 analysis
1523 1561 1914 1628 conveniret.
2002 1563 2125 1629 Sed
2189 1579 2260 1628 ut
2314 1565 2528 1631 vindi-

666 1684 863 1751 canda
903 1703 938 1750 a
977 1684 1315 1748 multorum
1369 1694 1694 1747 contemtu
1756 1678 2116 1747 Aristotelis
2166 1695 2263 1745 est
2311 1683 2465 1747 ratio
2491 1731 2524 1764 ,

663 1800 752 1866 ita
807 1800 948 1883 ipse
1004 1797 1382 1863 Aristoteles
1449 1798 1592 1878 quis
1659 1796 1852 1864 fuerit
1919 1797 2201 1880 quidque
2256 1796 2472 1865 feeerit
2495 1847 2522 1881 ,

660 1928 831 1983 recte
896 1926 995 1980 est
1048 1912 1529 1996 dijudicandum.
1621 1913 1728 1978 Ut·
1766 1929 1990 1978 auctor
2054 1914 2182 1980 suit
2241 1917 2520 1983 methodi

662 2028 909 2117 hujus,
974 2027 1061 2095 ita
1122 2046 1158 2093 a
1209 2026 1426 2093 multis
1496 2027 1687 2093 homo
1741 2030 1954 2094 haberi
2033 2034 2460 2117 syllogisticus
2485 2084 2511 2117 ‚

661 2147 794 2218 imo
850 2152 1009 2214 vero
1056 2145 1469 2212 scholasticus
1524 2147 1712 2211 solet.
1819 2146 2016 2231 Quod
2075 2149 2154 2216 de
2221 2169 2302 2217 eo
2354 2154 2519 2237 judi-

664 2265 832 2333 cium
870 2262 1128 2346 ferunt,
1171 2263 1284 2345 qui
1333 2265 1542 2346 ipsum
1597 2281 1916 2345 nunquam
1955 2263 2288 2350 legerunt,
2331 2288 2369 2335 e
2413 2288 2522 2334 so-

660 2385 731 2452 lo
785 2401 926 2449 eum
973 2380 1255 2466 judicant
1320 2377 1646 2445 hominum
1697 2398 1988 2462 rumore,
2049 2401 2087 2449 e
2137 2385 2513 2471 discipulis,

658 2511 737 2565 ut
809 2498 1040 2582 vulgus
1065 2542 1091 2578 ,
1174 2496 1256 2563 de
1333 2495 1634 2582 magistro
1713 2500 2136 2584 conjecturam
2205 2505 2451 2588 capiunt
2482 2553 2514 2588 ,

656 2612 1185 2696 confimduntqu'e
1262 2606 1549 2679 divinum
1618 2615 1826 2682 virum
1889 2637 2034 2685 cum
2115 2622 2520 2688 scholastico-

661 2736 822 2799 rum*
870 2727 1245 2809 hominum,
1322 2727 1432 2808 qui
1501 2727 1703 2811 ipsius
1768 2733 2024 2799 nomine
2081 2753 2152 2801 se
2196 2736 2514 2803 sustinue-

665 2860 819 2915 runt
872 2846 1183 2931 appellare
1205 2891 1231 2926 ,
1292 2844 1718 2915 multitudine.
1805 2848 1940 2934 Qui
1997 2853 2148 2938 legit
2207 2854 2523 2922 Aristote-

663 2964 839 3043 lem,
881 2979 1099 3045 parum
1148 2960 1373 3043 abest,
1434 2963 1585 3043 quin
1641 2969 1810 3030 tanta
1875 2985 2061 3047 eum,
2129 2977 2359 3049 quanta
2422 2973 2521 3056 ip·

664 3098 808 3148 sum
868 3078 1188 3147 Platonem
1258 3078 1660 3144 admiratione
1735 3095 2185 3162 prosequatur,
2251 3102 2323 3149 ac
2396 3088 2516 3155 Ci-

664 3195 883 3263 ceroni
953 3194 1328 3263 assentiatur
1388 3193 1570 3263 facile
1597 3242 1622 3276 ‚
1700 3209 2035 3278 utrumque
2073 3197 2161 3309 2⁵¹¹
2214 3201 2511 3270 omnibus

538 3316 545 3321 ’
665 3311 918 3398 scriptis
941 3360 970 3395 ,
1008 3328 1272 3397 excepto
1324 3332 1458 3379 uno
1519 3315 1808 3394 Socrate,
1849 3315 2104 3380 cacteris
2155 3314 2516 3399 praeferen-

663 3432 716 3499 ti
800 3414 1196 3518 philosophis
1249 3432 1571 3498 omnibus·
1659 3431 1920 3498 Novum
1983 3433 2362 3502 Aristoteles
2405 3456 2518 3505 ex-

662 3551 964 3637 cogitavit
1044 3547 1514 3630 elaboravitque
1586 3548 1942 3616 dialecticae
2009 3554 2253 3636 ὅργαυον
2277 3606 2299 3632 ,
2385 3573 2519 3637 quo

661 3668 1112 3752 syllogisticam
1196 3664 1535 3732 admirabili
1611 3669 1872 3749 quadam
1963 3669 2196 3754 ingenii
2273 3672 2515 3738 subtili-

661 3795 792 3847 nte
858 3785 1154 3866 exposuit
1229 3781 1609 3870 legibusque
1674 3784 2051 3855 adstrinxit:
2137 3807 2252 3855 nec
2317 3805 2536 3856 tamen—

664 3896 882 3967 eodem
966 3897 1247 3964 Socratis
1345 3899 1624 3987 neglexit
1703 3900 2060 3984 ἐπαγωγὴν.
2144 3902 2216 3948 ‘⁸²
2336 3907 2522 3975 Para-

728 4096 818 4177 (ι’)
860 4095 1089 4153 Aristot-
1122 4094 1320 4164 molst-
1355 4097 1428 4152 L.
1464 4099 1514 4152 Ι.
1548 4115 1598 4153 c.
1634 4118 1684 4154 ι.
1715 4107 1773 4154 ot
1799 4102 2017 4170 pauiu.
2424 4023 2520 4091 νὴ
