2792 5167
939 499 1144 562 -...9
1184 514 1280 532 ....

179 652 414 734 poenis
449 650 705 734 dignae.
776 649 1064 736 Judioent
1104 648 1299 732 igitur
1350 647 1429 715 d'e
1477 648 1573 718 his
1608 647 2045 720 mummo-

180 769 392 836 mines
431 766 835 849 opinionibus
875 766 1170 862 suspensi
1194 807 1240 846 ‚·
1263 783 1395 831 non
1430 764 1747 846 scientiam
1790 768 2047 834 adsum-v

180 885 284 964 ti,
346 883 662 970 judicant,
741 898 810 948 ut
871 881 983 964 qui
1058 883 1373 954 somniant
1436 883 1862 964 dormientes,
1910 884 2046 952 *imo

185 1017 350 1066 vero
405 999 470 1066 hi
529 999 743 1084 vigs’lcs
809 999 1119 1070 somniant
1141 1037 1184 1081 ‚·
1211 1000 1371 1085 ὕπαρ
1453 1004 1893 1086 &emin-mut
1936 1017 2051 1068 nec

187 1114 381 1202 magis
459 1114 712 1202 vigiliae
775 1134 971 1198 suae,
1036 1135 1222 1198 quam
1287 1116 1496 1184 somni
1558 1116 1639 1186 nd
1690 1114 2063 1201 sapientiam

181 1230 464 1300 fructum
539 1231 824 1316 capiunt.
957 1232 1210 1299 Scilicet
1278 1232 1607 1300 simulacra
1672 1249 1990 1304 sectantur
2026 1282 2057 1317 ,

177 1364 317 1414 non
359 1364 463 1416 res
488 1367 512 1412 ε
555 1347 819 1430 pulcra,
861 1364 990 1412 non
1031 1348 1319 1432 pulcrum
1366 1348 1624 1430 ipsumz
1667 1348 1878 1431 bona,
1919 1353 2061 1436 jus.-

175 1478 249 1531 n
273 1510 302 1547 ,
363 1477 632 1544 sancta,
697 1480 828 1527 non
881 1462 1090 1546 ipsum
1154 1463 1392 1529 bonum
1417 1511 1440 1545 ,
1504 1466 1715 1547 ipsum
1770 1471 2005 1554 justum
2032 1517 2059 1550 ‚

181 1584 411 1666 ipsum
474 1593 801 1645 sanctum:
885 1599 1015 1646 non
1095 1596 1405 1663 quaerunt
1461 1582 1788 1650 veritatem
1850 1585 1917 1649 in
1965 1585 2067 1652 bia

186 1697 549 1778 omnibus,
613 1699 728 1764 sed
795 1696 1114 1781 speciem,
1178 1715 1312 1778 non
1386 1704 1458 1767 τὸ
1527 1704 1678 1768 αὐτὸ
1737 1704 1873 1768 καθ’
1918 1707 2067 1772 affl

185 1818 380 1893 ὅπως
434 1817 498 1886 ὃν
522 1864 542 1892 ,
590 1815 766 1897 quod
818 1815 1026 1899 ipsum
1063 1832 1181 1898 per
1218 1833 1290 1880 se
1338 1832 1561 1898 reapse
1589 1830 1689 1884 est
1728 1818 2061 1900 pulcrum,

186 1931 493 2013 bonum,
530 1933 1201 2028 justumpsanctum,
1245 1931 1356 1998 sed
1412 1932 1587 2015 quod
1640 1932 1709 1999 id
1771 1921 2067 2005 esse-vi.

182 2048 406 2118 detur.
517 2048 686 2115 Illud
737 2047 794 2115 si
862 2063 1215 2132 spectarent
1287 2069 1358 2115 ac
1433 2066 1701 2136 possent
1761 2053 2064 2137 adsequi,

186 2165 298 2238 sic
369 2167 619 2236 danum
684 2165 1263 2250 expergiscerentur
1318 2184 1357 2231 e
1428 2185 1656 2233 somno
1678 2214 1703 2248 ‚
1785 2186 1920 2251 quo
1977 2170 2073 2255 ja-

189 2296 354 2349 cent
437 2281 738 2367 sepulti,
808 2297 1124 2350 cessarent
1224 2284 1472 2368 opinari
1517 2332 1542 2366 ‚
1623 2286 1787 2354 scire
1827 2286 2075 2374 incip&⁴

193 2414 391 2482 rent,
453 2415 518 2467 et
571 2399 850 2466 omnium
881 2415 1076 2482 ‚esset
1139 2400 1710 2468 controversiarum
1764 2401 2068 2486 istarum,

195 2518 284 2587 ad
360 2536 666 2584 summam
752 2515 1009 2581 humani
1099 2515 1345 2598 generis
1415 2514 1768 2583 felicitatem
1810 2565 1836 2600 ‚
1928 2516 2075 2596 finis

205 2635 582 2721 impositus.
720 2631 846 2697 Sed
915 2631 1302 2695 somniantes
1373 2631 1500 2696 hoc
1573 2631 1723 2697 item
1799 2632 2031 2700 habent
2051 2656 2073 2701 =

208 2752 388 2836 quod
421 2751 630 2817 simile
687 2761 784 2815 est
824 2745 1008 2814 alicui
1061 2746 1192 2828 rei,
1236 2765 1365 2813 non
1411 2745 1661 2827 simile,
1705 2749 1817 2813 sed
1872 2749 2081 2833 ipsum

211 2888 358 2940 esse
406 2881 668 2933 censent
733 2864 937 2942 illud,
981 2863 1088 2928 cui
1125 2877 1224 2927 est
1281 2862 1511 2926 simiie.
1595 2862 1668 2928 Id
1717 2878 1920 2933 autem
1969 2885 2085 2936 no-

213 2986 313 3056 bis
355 2984 424 3051 in
484 2983 600 3047 hac
641 2978 1005 3046 conditione
1060 2991 1275 3044 nostra
1322 2977 1758 3063 gravissimum
1818 3000 1917 3052 est
1954 3006 2090 3056 ma.

207 3111 366 3176 lum.
455 3100 802 3169 simulacra
860 3097 1006 3177 illa,
1055 3115 1213 3178 quae
1272 3114 1441 3163 nunc
1503 3099 1637 3165 sola
1696 3101 2084 3185 percipimus

211 3193 508 3291 sensibus
541 3266 565 3301 ‚
609 3236 744 3284 non
784 3216 1108 3282 simulacra
1154 3233 1333 3296 esse,
1378 3215 1493 3282 sed
1528 3234 1631 3282 res
1682 3217 1854 3301 ipsas
1881 3265 1905 3302 ,
1950 3221 2091 3304 opi·
2183 3253 2194 3266 ·

207 3358 473 3410 namur:
553 3350 705 3404 sunt
769 3349 976 3401 autem
1041 3332 1147 3399 illa
1171 3379 1195 3414 ‚
1264 3348 1334 3397 ut
1379 3335 1742 3400 monuimus
1766 3382 1789 3415 ,
1854 3335 2095 3403 fallacia

218 3473 500 3539 magnam
578 3466 822 3536 partem
846 3499 871 3533 ‚
929 3463 1157 3515 cuncta
1232 3466 1387 3514 vero
1412 3495 1436 3527 ‚
1500 3450 1558 3513 si
1630 3451 1887 3532 quidem
1949 3470 2095 3518 curn

222 3570 502 3636 veritatis
551 3573 694 3634 luce
735 3582 801 3636 et
859 3567 1197 3650 splendore
1255 3563 1716 3646 conferuntur,
1796 3583 2100 3649 perquam

225 3687 528 3754 obscura.
611 3686 784 3769 Ergo
842 3684 1010 3749 bona
1065 3680 1412 3766 persequi,
1458 3700 1621 3764 quae
1668 3680 1835 3749 bona
1889 3682 2104 3753 viden.

226 3821 381 3887 tur,
426 3801 543 3868 sed
589 3817 733 3870 sunt
771 3802 923 3868 mala
951 3848 975 3880 ‚
1015 3801 1186 3884 iusta
1239 3815 1695 3882 propugnare,
1740 3819 1898 3884 quae
1943 3804 2103 3898 justi

229 3921 468 3992 habent
513 3920 778 4003 speciem
806 3966 830 4000 ‚
873 3918 988 3986 sed
1049 3929 1194 3982 sunt
1246 3914 1516 3999 injusta,
1589 3932 1747 3996 vera,
1770 3941 1775 3948 ·
1795 3936 2114 3990 assevera.

227 4059 334 4124 re,
384 4055 546 4124 quae
589 4036 893 4106 habentur
942 4051 1089 4101 vera
1111 4078 1135 4116 ‚
1179 4032 1290 4101 sed
1343 4048 1489 4101 sunt
1528 4031 1682 4130 falsa
1705 4079 1731 4119 ‚
1778 4034 2108 4116 simulam-a

1979 4169 2111 4222 om-
