2792 5167
1382 460 1730 526 ...92-

620 627 756 698 dem
814 641 1179 716 argumento
1265 625 1623 711 disputandi
1644 647 1668 694 ε
1768 625 1942 694 unde
2019 624 2467 713 disputatione·

615 760 939 814 manarunt
987 742 1465 829 copiosissimae
1512 742 2143 828 elegantissimaeque
2192 744 2471 829 philoso-

613 862 888 947 phorum
935 834 1218 932 veterum
1246 908 1270 942 ,
1335 861 1405 926 in
1462 860 1683 945 primis
1754 861 2269 928 Academicorum
2298 883 2321 929 t
2380 862 2482 947 ip-

612 980 751 1048 sius
807 978 1127 1048 fluxerunt
1194 977 1523 1048 Ciceronis
1603 978 1920 1046 orationes
1999 979 2330 1064 palmatiae
2407 977 2481 1045 in

618 1095 1153 1182 disputationibus
1205 1094 1591 1164 Academicis
1616 1142 1643 1177 ,
1684 1096 1762 1163 de
1815 1096 2047 1164 finibus
2063 1145 2089 1180 ,
2132 1096 2211 1163 de
2254 1110 2479 1163 natura

618 1210 951 1291 Deorum,
993 1210 1180 1291 aliis,
1240 1209 1366 1275 illis
1420 1209 1476 1276 si
1537 1227 1683 1292 non⁸
1728 1228 1953 1295 pares,
2012 1226 2181 1278 certe
2231 1207 2481 1276 similli-

619 1344 759 1396 mae
777 1373 804 1409 ‚
864 1345 1024 1411 quaa
1097 1327 1178 1394 ad
1232 1326 1529 1393 Senatum
1553 1372 1581 1409 ‚
1639 1325 1715 1393 ad
1767 1326 2044 1413 Quirites
2064 1373 2090 1408 ‚
2153 1345 2274 1410 pro
2334 1343 2477 1391 ros-

623 1442 742 1510 tris
763 1490 788 1526 ‚
829 1443 894 1510 in
955 1442 1102 1527 ipso
1155 1443 1557 1528 eloquentiae
1614 1461 1805 1529 regno
1826 1490 1852 1525 ‚
1889 1442 2132 1509 habuit.
2212 1443 2306 1510 Et
2362 1442 2481 1509 hic

623 1560 814 1630 nobis
867 1574 1043 1646 patet
1113 1560 1378 1628 maxime
1415 1559 1807 1650 „dialecticae
1860 1559 2029 1643 apud
2101 1557 2367 1624 Veteres
2418 1574 2493 1626 et

625 1678 1048 1761 eloquentiae·
1087 1677 1493 1762 conjunctio:
1590 1695 1851 1759 quarum
1927 1675 2150 1742 artium
2236 1676 2485 1742 alteram

625 1792 788 1862 dixit
843 1792 1222 1859 Aristoteles
1284 1792 1463 1859 alteri
1530 1810 1673 1858 esse
1731 1798 2113 1880 ἄνταςροφὸν.
2216 1791 2497 1860 Adhibe-

624 1904 777 1974 bant
828 1904 1128 1971 Oratores
1175 1904 1557 1970 dialecticam
1581 1950 1608 1985 ‚
1677 1925 1808 1987 quo
1870 1908 2069 1994 magis
2117 1910 2485 1986 sententiam

627 2040 805 2090 suam
843 2020 1091 2088 civibus
1147 2022 1633 2105 persuaderent:
1678 2021 2049 2108 philosophi
2100 2040 2313 2094 autem
2344 2047 2481 2094 cum

627 2138 791 2207 nihil
841 2138 908 2207 in
961 2135 1324 2205 civitatibus
1388 2138 1516 2205 illis
1573 2139 1939 2221 eloquentia
1991 2141 2328 2210 haberetur
2364 2164 2497 2212 ma·

625 2260 735 2344 jus
792 2271 857 2324 et
923 2256 1270 2336 illustrius,
1335 2269 1401 2322 et
1472 2256 1696 2339 iuvate
1753 2274 2034 2324 oratores
2115 2261 2498 2344 studebant,

627 2389 706 2441 ut
726 2420 752 2454 ‚
793 2374 860 2442 in
920 2386 1126 2438 tantae
1181 2370 1418 2456 gloriae
1464 2371 1831 2441 societatem
1889 2375 2288 2459 pervenirent
2327 2397 2494 2460 quo-
2624 2459 2627 2462 Α

629 2488 963 2560 dammodo
985 2534 1014 2570 ,
1052 2500 1121 2554 et
1162 2485 1286 2569 ipsi
1347 2488 1680 2556 scribendo
1735 2490 2132 2576 dicendoque
2170 2513 2311 2561 cum
2362 2494 2490 2564 iuis

636 2605 719 2674 de
760 2603 1155 2689 eloquentiae
1203 2607 1411 2688 palma
1462 2607 1932 2678 concertabant.
2049 2610 2495 2682 Verumtamen

638 2715 876 2792 factum
927 2723 1014 2790 ita
1051 2721 1240 2790 simul
1297 2736 1398 2788 est
1415 2770 1440 2804 ‚
1484 2737 1559 2788 ut
1617 2737 1797 2794 tanto
1860 2728 2193 2810 splendore
2244 2732 2494 2797 elucen-

636 2855 738 2910 tes
791 2841 911 2907 hae
960 2854 1123 2906 artes
1184 2837 1590 2906 obscurarent
1625 2841 1811 2924 plane
1871 2843 2211 2929 simplicem
2272 2846 2501 2914 verita·

639 2954 728 3024 tis
776 2953 1360 3038 investigationem:
1447 2956 1597 3023 haec
1646 2959 2066 3042 negligeretur
2085 3008 2109 3042 ,
2171 2939 2278 3028 illa
2344 2983 2503 3032 vero

639 3072 784 3144 istis
849 3070 1247 3140 adhiberetur
1292 3073 1669 3157 argumentis
1738 3072 2043 3155 maxime,
2088 3094 2250 3157 quae
2298 3080 2500 3146 maxi-

643 3206 747 3256 me
809 3188 1058 3256 vetitati
1125 3203 1565 3273 repugnarent.
1651 3187 1726 3255 ld
1797 3188 1963 3255 euim
2016 3190 2358 3277 dialectici,
2422 3195 2495 3262 id

644 3301 912 3371 oratoris
986 3321 1226 3370 summa
1290 3302 1629 3371 habebatur
1704 3304 1869 3387 laus,
1945 3322 2020 3374 ut
2073 3327 2235 3392 quae
2278 3327 2504 3380 essent

645 3420 803 3490 falsa
822 3467 852 3507 ,
928 3421 1076 3488 haec
1129 3419 1396 3486 dicendo
1467 3419 1738 3489 efficeret
1760 3468 1787 3504 ,
1860 3436 1936 3490 ut
2016 3445 2164 3493 vera
2215 3427 2511 3501 videren-

648 3553 780 3608 tur.

725 3654 822 3721 lta
890 3671 1021 3724 erat
1068 3654 1433 3724 Aristotelis
1482 3663 1883 3739 συλλογιςικῆ
1939 3664 2239 3732 methodo
2256 3714 2284 3748 ,
2347 3686 2500 3736 con-

645 3767 794 3836 silio
845 3769 1261 3857 inprimisque
1295 3772 1524 3841 effectu
1579 3775 1936 3845 Socraticae
1989 3785 2328 3865 ἐπαγωγῆς
2360 3803 2537 3870 per··

643 3903 829 3973 quam
895 3887 1240 3957 dissimilis.
1351 3891 1548 3978 Quod
1627 3891 1851 3978 ipsum,
1895 3893 2307 3967 Aristotelem
2370 3919 2507 3973 nou

629 4003 842 4088 latuit.
893 4004 1078 4098 ‘Duo
1133 4019 1335 4108 sunt,
1379 4010 1468 4078 ait
1491 4057 1519 4093 ,
1554 4016 1952 4088 &annnam
1994 4024 2211 4099 λογῦν,
2238 4034 2500 4102 genera,

2366 4152 2523 4224 55⁸⁴
