2792 5167
938 480 1323 547 —199—

143 636 568 707 admirabilis
611 641 900 723 quaedam
942 645 1380 728 philosophiae
1427 642 1774 714 Platonicae
1812 649 2054 733 simpli-

70 804 73 849 ῃ
132 756 333 823 citas
360 802 386 837 ‚
437 772 549 837 ut,
592 776 750 842 quae
795 777 1307 842 praecesserunt,
1348 780 1711 844 praeparent
1755 783 1874 834 nas
1919 764 2051 833 fere

68 870 73 917 ἶ
138 872 241 937 ad
292 874 591 957 proxima
628 873 1059 959 intelligenda:
1117 898 1273 961 quae
1314 898 1466 943 vero
1519 879 2046 964 subsequuntur,

64 1034 65 1111 ι
136 989 504 1071 superiora
542 991 894 1059 illustrent:
938 1008 1243 1060 caeterum
1284 995 1393 1060 vix
1436 995 1772 1079 quidquam
1823 1017 2047 1066 occur-

62 1142 65 1187 ÷
136 1119 257 1171 rat
282 1151 307 1186 ‚
346 1107 524 1187 quod
555 1124 685 1171 non
725 1109 1183 1189 quodammodo
1225 1126 1540 1192 speratum
1583 1128 2044 1197 exspectatum-

143 1240 293 1304 que
343 1220 558 1289 fuerit.
648 1223 839 1309 Quod
896 1243 1059 1308 nos,
1118 1227 1184 1290 ni
1242 1224 1557 1310 fallimur,
1612 1243 1917 1313 perpetuo
1974 1228 2040 1295 in

142 1340 727 1422 disquisitionibus
764 1344 1000 1408 nostris
1036 1345 1523 1426 reapse.experti
1544 1364 1791 1412 sumus.
1828 1346 2034 1426 Nam,

146 1456 388 1539 prouti
447 1457 585 1537 ille,
638 1459 747 1539 qui
808 1463 870 1523 in
926 1458 1124 1542 pulcri
1176 1459 1580 1542 philosophia
1623 1478 1746 1526 nos
1789 1460 2035 1543 tenuit,

149 1572 489 1640 Diotimae
532 1576 610 1641 de
650 1575 748 1640 via
789 1575 865 1639 ad
906 1578 1191 1658 pulcrum
1235 1575 1443 1658 ipsum
1491 1594 1604 1658 per
1657 1594 1726 1640 se
1774 1576 2034 1658 conspi-
2109 1632 2118 1637 .

147 1688 456 1756 ciendum
516 1711 769 1773 sermo,
826 1706 1007 1773 aptos
1065 1710 1183 1757 nos
1238 1689 1432 1772 fecit,
1476 1691 1588 1772 qui
1627 1691 1803 1773 veri,
1842 1697 2029 1762 αὐτοῦ

151 1811 273 1875 τοῦ
317 1808 525 1888 ὄντος,
570 1822 631 1872 et
679 1826 830 1872 vero
848 1807 1021 1891 jum·
1056 1806 1181 1871 vim
1220 1809 1741 1889 adsequeremur‚
1783 1806 1867 1872 ita
1901 1822 2033 1873 tota

150 1937 384 1987 nostra
427 1922 722 2004 deinceps
761 1924 836 1989 de
877 1941 1027 1988 vero
1066 1937 1126 1987 et
1159 1923 1335 2007 justo
1377 1922 1717 2005 disputatio
1756 1942 1831 1988 eo
1864 1924 2034 2005 apud

151 2056 288 2105 nos
328 2039 566 2121 valuit,
630 2054 699 2105 ut
754 2055 817 2105 et
878 2053 1080 2113 totum
1140 2058 1484 2106 sermonem
1538 2039 1708 2104 illum
1760 2057 1824 2105 et
1875 2058 2029 2105 vero

152 2156 369 2239 pulcri
426 2155 550 2219 vim
601 2156 862 2241 ejusque
912 2172 1057 2222 cum
1111 2174 1261 2221 vero
1305 2170 1365 2220 et
1408 2157 1585 2239 justo
1622 2154 2029 2222 necessitudi-

150 2289 303 2338 nem
348 2271 606 2337 interius
652 2270 1163 2353 perspiceremus.
1232 2273 1322 2339 Et
1361 2275 1590 2354 pariter
1627 2291 1790 2337 nunc
1829 2272 2022 2338 nobis

152 2401 231 2454 et
272 2387 513 2473 singula
552 2403 613 2452 et
648 2388 979 2467 universa,
1030 2407 1186 2473 quae
1230 2388 1431 2454 adhuc
1473 2389 1745 2455 vidimus
1771 2435 1795 2467 ‚
1848 2388 2021 2456 suffi-

147 2502 368 2582 cient,
398 2520 563 2568 certe
595 2505 936 2587 proderunt
970 2524 1151 2585 quam
1195 2506 1529 2586 plurimum
1552 2553 1575 2585 ‚
1618 2507 1694 2571 ad
1733 2504 2018 2571 Platonis

150 2619 242 2685 de
285 2619 467 2685 rebus
506 2619 733 2687 divinis
780 2618 961 2686 effata
1002 2620 1393 2703 intelligenda
1434 2636 1626 2686 recte.
1713 2622 2016 2687 ‘Naturae

150 2737 310 2802 haec
352 2736 507 2802 ratio
561 2754 698 2817 est,
756 2738 820 2802 in
868 2757 989 2818 qua
1037 2753 1178 2819 apta
1239 2736 1487 2818 sibique
1538 2755 1813 2819 congrua
1865 2751 2015 2801 sunt

150 2854 402 2934 omnia,
447 2855 537 2920 nil
582 2854 766 2919 nobis
817 2872 1053 2919 novum
1097 2855 1710 2936 inexspectatumque
1743 2838 2013 2934 accidit,

154 2971 272 3036 sed
328 2970 590 3036 transitu
648 2968 958 3045 facillima
1018 2970 1466 3051 lenissimoque
1526 2985 1588 3034 et
1648 2970 1892 3052 singula
1950 2984 2015 3036 et

158 3086 446 3155 universa
489 3090 823 3174 conjuncta
860 3102 1180 3169 apparent.
1265 3087 1495 3172 Quid?
1537 3088 1708 3167 quod
1762 3084 2017 3152 reverti·

154 3222 298 3270 mur
343 3203 446 3269 hle
506 3219 734 3284 sponte
786 3203 862 3268 ad
918 3204 1119 3284 ipsum
1170 3203 1246 3268 de
1303 3202 1506 3268 animo
1571 3202 2006 3285 prooemium,

158 3322 327 3401 quod
388 3333 691 3401 tamquam
774 3324 1079 3401 τηλαυγὲς
1138 3345 1445 3404 προσ-ωπον
1526 3317 1643 3382 toti
1725 3318 2011 3399 philoso-

157 3435 335 3518 phiae
372 3435 690 3519 praemisit
732 3436 959 3530 Plato?
1068 3433 1452 3501 Continebat
1488 3433 1640 3498 illud
1685 3432 2005 3515 pristinam

154 3550 371 3630 animi,
404 3568 761 3634 anteaquam
804 3553 925 3616 hoc
962 3570 1194 3633 corpus
1228 3550 1545 3629 induerat,
1571 3544 2002 3615 'conditionem

153 3672 508 3752 praeclaram
535 3715 558 3748 ,
614 3684 687 3733 ut
739 3670 892 3735 deos
946 3682 1199 3734 secutus
1225 3715 1246 3746 ‚
1298 3668 1360 3732 in
1418 3668 1561 3731 loco
1621 3668 2002 3752 ὑπερουράνιῳ

154 3786 516 3870 pulcerrimo
569 3789 980 3869 spectacu10‚
1034 3786 1169 3868 ipsa
1222 3783 1558 3865 spectanda
1598 3797 1658 3847 et
1701 3781 1899 3864 pulcri
1942 3794 2005 3846 et

152 3902 294 3969 boni
341 3920 403 3970 et
451 3904 650 3993 justi,
709 3903 834 3969 imo
881 3903 1072 3969 sancti
1119 3900 1444 3981 divinique
1484 3897 1763 3982 perfecta
1796 3888 2002 3983 specie

157 4016 473 4086 frueretur.
559 4020 760 4106 Quam
819 4018 1004 4086 animi
1059 4018 1433 4104 pristinam,
1485 4016 1613 4084 imo
1663 4017 2000 4084 naturalem

1851 4150 2003 4199 con-
