2792 5167
1013 473 1354 558 —63—

253 643 522 725 numiam
577 639 923 740 potamum
988 671 1129 723 nam
1187 656 1495 724 mensium
1556 669 1620 724 et
1668 639 1976 723 annorum
2016 653 2119 724 vi·.

247 773 652 841 cissitudines
714 771 961 839 acutius
1029 772 1546 841 animadvertisse
1567 820 1591 855 ‚
1672 785 1803 840 non
1864 788 2109 840 tantum

252 891 662 976 agriculturae
712 906 786 955 ac
840 887 1225 972 navigationi
1282 889 1610 975 proderit,
1670 890 1782 957 sed
1829 909 1960 957 non
1998 890 2124 957 mi-

257 1008 486 1074 nimum
539 1006 723 1074 etiam
787 1007 877 1074 rei
936 1005 1212 1075 militari.
1300 1007 1431 1075 Hic
1485 1008 1777 1078 Socrates
1802 1056 1829 1089 ‚
1890 1006 2120 1076 videris

253 1124 448 1206 mihi,
511 1123 767 1208 inquit,
833 1143 874 1190 o
913 1122 1129 1206 bone,
1205 1125 1446 1212 vulgus
1515 1124 1962 1207 reformidare,
2025 1139 2129 1215 ,ne

245 1240 507 1309 inutiles
562 1257 631 1309 te
682 1235 1041 1326 disciplinas
1098 1241 1391 1310 inducere
1429 1241 1688 1311 dicant:
1755 1260 1887 1308 non
1943 1240 2125 1308 aliam

245 1357 416 1426 enim
463 1358 610 1426 inde
657 1377 1039 1443 magnopere
1091 1360 1425 1426 utilitatem
1476 1358 1939 1444 percipiendam
2004 1378 2127 1445 pu-

241 1487 410 1541 tant.
501 1475 713 1541 Orsus
765 1489 974 1540 autem
1025 1474 1251 1540 deinde
1310 1475 1391 1541 de
1443 1476 1819 1542 astronomia
1845 1523 1870 1559 ,
1912 1476 2130 1543 memi-

251 1591 351 1657 nit
407 1590 630 1657 subito
693 1604 757 1658 et
815 1590 1210 1658 Glauconem
1282 1605 1499 1657 monet
1523 1638 1548 1671 ‚
1611 1569 2001 1673 disciplinam
2052 1589 2131 1656 ab

254 1706 421 1793 ipsis
498 1707 993 1794 praetermissam
1040 1724 1223 1789 esse,
1298 1725 1460 1789 quae
1512 1705 1677 1773 inter
1736 1704 2132 1791 geometriam

252 1841 321 1892 et
365 1825 815 1892 astronomiam
854 1823 1051 1890 media
1073 1870 1099 1908 ‚
1140 1823 1218 1889 ab
1262 1823 1366 1889 illa
1421 1824 1499 1890 ad
1541 1822 1699 1889 hanc
1738 1822 1938 1889 ducit.
1980 1822 2139 1892 Post

253 1944 517 2029 planum
541 1988 568 2023 ‚
652 1942 783 2020 ait,
845 1941 1058 2007 statim
1141 1939 1413 2006 solidum
1438 1989 1462 2023 ‚
1527 1940 1701 2022 quod
1770 1939 2136 2009 circumfer·

250 2073 406 2140 tur,
487 2056 763 2142 aggressi
819 2061 1094 2138 sumus,‘
1152 2074 1521 2138 anteaquam
1584 2058 1796 2140 ipsum
1865 2078 1978 2142 per
2062 2075 2137 2129 se

254 2174 980 2257 comprehenderemus3
1049 2173 1229 2241 decet
1285 2187 1495 2240 autem
1556 2173 1778 2239 ordine
1828 2188 1982 2257 post
2037 2194 2138 2243 se-

258 2291 528 2357 cundam
586 2289 938 2357 auctionem
999 2291 1239 2360 tertiam
1295 2291 1662 2376 suscipere:
1708 2290 1981 2359 refertur
2031 2310 2141 2360 ve-

258 2427 334 2475 ro
390 2407 548 2476 illud
607 2410 686 2475 ad
742 2410 1049 2475 cuborum
1116 2410 1516 2490 auctionem,
1592 2423 1819 2492 estque
1869 2407 2151 2494 prosum·

252 2511 473 2592 ditatis
539 2525 876 2609 particeps.
967 2525 1384 2608 significatam
1444 2527 1548 2593 his
1587 2526 1798 2594 verbis
1840 2547 1875 2594 a
1923 2507 2136 2612 philo-

255 2642 476 2724 sopho
516 2659 658 2707 csse
696 2644 1186 2708 stereometriam
1208 2688 1230 2721 ‚
1273 2655 1451 2726 patet
1488 2642 1868 2724 manifest03
1914 2644 1979 2687 (θ
2021 2644 2137 2711 sed

258 2756 328 2825 in
408 2757 848 2842 persequenda
916 2756 1141 2823 artium
1173 2759 1182 2768 '
1219 2758 1786 2825 mathematicarum
1871 2760 2137 2831 historia

268 2874 679 2941 memorabile
746 2872 933 2939 nobis
988 2874 1239 2940 videtur
1263 2921 1289 2955 ‚
1333 2875 1491 2940 hanc
1553 2874 1889 2944 doctrinam
1937 2880 2142 2948 Plato·

265 2991 368 3059 nis
426 3005 715 3076 tempore
771 2989 1049 3057 nondum
1115 3006 1418 3075 repertam
1466 3011 1646 3061 esse:
1717 2977 1907 3079 quod¹
1938 2998 2142 3064 Glau-

258 3128 340 3176 co
395 3108 568 3191 apud
627 3126 769 3174 eum
830 3106 1075 3173 disertis
1117 3109 1324 3175 verbis
1368 3108 1636 3179 fatetur:
1700 3120 1875 3184 ἀλλὰ
1937 3117 2142 3184 ταῦτά

262 3255 343 3311 γε
369 3275 397 3309 .,
441 3226 487 3296 ὦ
529 3229 845 3311 Σώκρατες
875 3275 895 3301 ,
940 3229 1097 3295 οὔπω
1141 3230 1304 3298 δοκεῖ
1354 3233 1652 3318 εὑρῆσθαι,
1740 3228 1932 3296 Unde
1991 3249 2144 3313 pro-

261 3343 434 3410 fecto
455 3391 479 3425 ‚
543 3357 857 3424 quatenus
899 3342 1012 3407 hac
1080 3358 1282 3409 aetate
1352 3343 1674 3429 progressi
1732 3348 1859 3412 sint
1910 3347 2144 3414 Graeci

269 3458 338 3523 in
377 3457 825 3525 mathematicis
884 3471 948 3524 et
1007 3457 1393 3525 astronomia
1416 3507 1441 3540 ‚
1488 3461 1643 3544 quid
1703 3462 1782 3528 de
1816 3462 2142 3548 Platonis,

278 3585 442 3656 quae
491 3573 780 3642 feruntur
802 3623 827 3657 ‚
855 3572 920 3642 in
967 3578 1406 3645 stereometrizi
1469 3579 1746 3646 inventis
1791 3580 2147 3652 existiman·

275 3692 432 3757 dum
497 3691 624 3773 sit,
667 3706 803 3758 tum
847 3691 1081 3774 etiam,
1129 3711 1287 3775 quae
1333 3698 1591 3779 propria
1630 3693 1823 3763 fuerit
1875 3698 2147 3771 Alexan-

275 3809 598 3878 drinorum
658 3809 1235 3878 mathematicorum
1305 3814 1442 3877 laus
1463 3858 1487 3892 ‚
1551 3813 1967 3898 conjecturam
2029 3815 2175 3887 no·‘

2038 3939 2139 4006 bis

361 4051 444 4130 (ι)
484 4057 577 4113 Sic
612 4062 820 4131 aceepit
850 4057 1048 4117 Theon
1084 4058 1305 4133 Smym.
1343 4062 1525 4122 Atinia.
1562 4068 1610 4125 1.
1656 4082 1736 4144 ιφ.
1771 4087 1829 4141 p.
1867 4073 1953 4134 &4-
