2792 5167
241 630 394 696 baec
451 625 594 694 audi
645 635 983 710 praeterea.
1068 625 1267 692 Decet
1325 621 1489 690 enim
1547 621 1889 690 contrarios
1953 640 2081 688 ser·

243 761 460 812 mone·
521 742 817 810 inducere
878 750 1091 807 eorum
1114 785 1140 823 ,
1220 758 1384 823 quoa
1452 738 1553 809 hic
1611 739 1818 807 attulit
1844 786 1869 821 ‚
1944 734 2085 821 qui-

243 859 367 927 bus
421 858 703 926 laudatur
754 856 1039 943 justitia,
1085 855 1390 943 injustitia
1432 855 1863 943 vituperatur:
1955 872 2085 936 quo
2130 908 2143 923 ,

244 972 631 1044 manifestius
690 972 800 1040 fiat
856 973 920 1040 id
942 1020 967 1055 ,
1053 974 1226 1057 quod
1285 971 1533 1040 Glauco
1603 975 1765 1040 velle
1817 971 2084 1038 videtur.

245 1091 640 1176 Praecipiunt
717 1089 992 1181 scilieet‘
1052 1102 1259 1173 patrer
1336 1088 1484 1156 filiis
1569 1107 1908 1171 omnesque
1976 1085 2091 1169 qui

251 1228 460 1279 curam
497 1208 758 1275 aliorum
800 1205 1074 1287 habent,
1124 1217 1414 1289 oportere
1450 1206 1688 1290 justum
1733 1223 1915 1286 esse,
1962 1221 2093 1269 non

253 1326 447 1410 ipsam
482 1323 784 1409 iustitiam
828 1323 1189 1402 laudantes,
1253 1323 1364 1388 sed
1404 1340 1680 1388 summos
1705 1369 1730 1404 ,
1785 1320 1901 1404 qui
1954 1321 2098 1388 inde

256 1442 542 1509 oriuntur
559 1488 584 1524 ,
647 1441 944 1507 honores.
1106 1437 1378 1523 Fingunt
1446 1438 1591 1505 item
1659 1450 1878 1521 poetae
1952 1454 2098 1504 cum

254 1578 505 1627 aureum
556 1534 870 1643 justorum
932 1557 1242 1622 saeculum
1266 1602 1290 1636 ,
1367 1569 1502 1620 tum
1569 1556 1933 1638 praeclaram
1991 1570 2102 1619 eo·
2155 1644 2159 1649 .

254 1695 395 1745 rum
447 1677 515 1744 in
573 1674 828 1741 sedibus
883 1672 1207 1740 beatorum
1263 1686 1412 1754 post
1475 1669 1661 1737 vitam
1713 1667 2092 1735 felicitatem.

261 1794 430 1862 Haec
526 1792 715 1879 iustis
792 1790 1125 1871 tribuunt,
1248 1786 1499 1872 injustis
1567 1804 1716 1852 vero
1779 1785 2091 1865 dedecus,

131 1930 148 1941 ·
264 1907 786 1997 gravissimasque
840 1921 987 1992 post
1043 1904 1230 1970 vitam
1291 1920 1551 1988 poenas.
1660 1902 1902 1969 Praeter
1952 1902 2102 1968 haec

265 2022 584 2091 considera
631 2021 812 2089 etiam
833 2067 858 2101 ,
901 2021 1187 2087 Socrates
1213 2066 1238 2101 ,
1289 2018 1457 2086 aliud
1514 2018 1822 2104 quoddam
1876 2018 2101 2085 oratio-

269 2137 371 2204 nis
423 2154 618 2220 genus
638 2182 663 2216 ,
711 2154 841 2219 quo
893 2153 1107 2201 omnen
1165 2133 1594 2219 imprimisque
1654 2150 1883 2219 poetae·
1919 2149 2108 2203 utun·

268 2271 379 2321 tur
399 2298 425 2336 ,
486 2252 599 2318 ubi
653 2250 730 2317 de
762 2249 1007 2335 justitia
1043 2266 1232 2335 atque
1286 2249 1593 2336 injustitia
1646 2266 1865 2334 agunt.
1950 2251 2113 2319 Uni-

271 2368 438 2439 verai
508 2367 669 2435 enim
736 2384 864 2432 uno
935 2385 1043 2434 ore
1103 2382 1381 2450 canunt,
1437 2366 1673 2434 bonum
1744 2365 1900 2447 quid
1959 2381 2116 2435 tem-

268 2484 606 2571 perantiam
650 2496 844 2568 atque
894 2482 1199 2570 justitiam
1250 2502 1387 2550 esse
1409 2530 1434 2565 ,
1489 2481 1739 2550 difficile
1789 2495 1991 2550 autem
2046 2499 2114 2551 et

271 2600 701 2682 laboriosum3
787 2597 1316 2683 intemperantiam
1368 2618 1523 2667 vero
1576 2615 1639 2666 et
1697 2599 2064 2685 injustitiam
2086 2647 2115 2682 ,

267 2716 616 2806 jucundum
680 2713 928 2799 quidem
984 2730 1048 2782 et
1108 2715 1289 2783 facile
1337 2730 1739 2801 comparatu,
1815 2717 2118 2802 opinione

276 2851 481 2902 autem
534 2850 605 2899 ac
649 2832 788 2918 lege
824 2846 1034 2917 turpe.
1142 2832 1474 2902 Caeterum
1515 2834 1745 2919 injusta
1776 2832 1910 2902 fere
1949 2834 2121 2904 utili·

278 2970 392 3019 ora
429 2968 569 3016 esse
609 2947 826 3016 dicunt
863 2948 1101 3034 justia,
1141 2968 1212 3015 ac
1248 2951 1444 3018 malos
1488 2950 1815 3031 homines,
1859 2950 1915 3018 si
1960 2951 2122 3019 divi-

277 3080 376 3133 te·
414 3080 565 3131 sunt
600 3082 672 3131 ac
716 3060 1045 3149 potentes,
1092 3066 1308 3132 beatos
1346 3068 1737 3151 praedicant,
1773 3069 2020 3152 bonos,
2062 3068 2123 3135 si

275 3180 618 3248 'imbecilles
655 3199 728 3246 ac
767 3198 1068 3265 pauperes
1108 3196 1296 3263 sunt,
1345 3182 1607 3251 miseros
1644 3200 1899 3252 vocant.
1993 3184 2125 3253 Ml-

282 3313 424 3362 rum
461 3309 663 3362 autem
704 3296 1008 3379 maxime,
1039 3297 1212 3380 quod
1248 3297 1327 3364 de
1359 3298 1503 3367 Diis
1537 3316 1607 3364 ac
1641 3299 1874 3366 virtute
1904 3303 2125 3385 ajunt,

286 3412 464 3479 neos
529 3410 813 3496 plurimis
880 3413 1067 3480 bonis
1140 3413 1499 3483 hominibus
1563 3392 1872 3482 ihrencem
1936 3415 2126 3485 vitam

284 3525 572 3609 dedisse,
626 3528 799 3595 malis
836 3548 984 3597 vero
1044 3528 1313 3596 felicem.
1397 3528 1823 3596 circulatores
1870 3530 2128 3614 insuper

288 3658 354 3709 et
413 3656 584 3709 vates
644 3646 722 3710 ad
772 3644 994 3729 ianuas
1055 3645 1317 3714 divitum
1373 3644 1735 3711 accedentes
1758 3691 1783 3725 ,
1874 3665 2131 3729 persua-

286 3760 436 3825 dent
495 3758 662 3838 illis‚
726 3778 795 3826 se
854 3758 984 3827 vim
1045 3760 1266 3826 habere
1337 3758 1642 3829 divinitus
1696 3760 1831 3827 sibi
1873 3780 2136 3833 conces-

287 3893 466 3956 sam,
507 3889 582 3940 ut
622 3876 675 3940 si
732 3876 909 3957 quod
962 3877 1171 3941 scelus
1220 3876 1304 3941 sit
1359 3891 1818 3963 perpetratum,
1878 3881 2134 3964 expiem

290 3989 447 4055 illud
483 4006 547 4057 et
585 4007 780 4072 parvo
817 3992 1217 4089 adeotsumtu
1242 4038 1266 4072 ,
1301 4005 1433 4060 tum
1473 3994 1691 4079 etiam,
1739 3996 1793 4062 si
1832 3997 1976 4079 quis
2013 3998 2135 4071 ini·-

1971 4132 2136 4187 mico
