2792 5167
1423 514 1812 592 ...143-

750 690 841 761 Et
908 691 999 760 sic
1056 688 1362 779 quidem,
1407 689 1744 778 diligenter
1781 689 1881 759 his
1941 689 2236 758 omnibus
2292 689 2375 757 de
2411 685 2544 757 Pla·

672 822 827 876 tone
885 805 1154 891 aliisque
1208 805 1604 891 dialogorum
1662 804 2027 874 auctoribus
2068 805 2505 873 animadversis
2523 847 2548 887 ,

676 925 940 993 interius
996 922 1186 991 nobis
1250 923 1606 1007 perspicere
1643 921 1789 988 licet
1811 968 1838 1003 ,
1904 941 2091 1005 quam
2148 921 2256 989 ille
2293 920 2549 988 Musam

678 1025 1139 1128 spectaverit,
1170 1059 1315 1109 cum
1376 1057 1604 1105 novam
1648 1037 1942 1105 inducere
2002 1038 2233 1120 poesin
2291 1055 2557 1104 conare-

681 1175 817 1229 tur.
900 1159 1254 1244 Explorate
1307 1157 1370 1223 id
1417 1175 1608 1241 supra
1644 1155 1769 1241 jam
1812 1153 2184 1237 coepimus,
2230 1173 2431 1238 quum
2473 1154 2556 1258 de

668 1278 896 1371 pulcro
930 1295 1306 1364 ageremus3
1352 1273 1418 1323 <⁸³
1461 1274 1576 1341 sed
1631 1290 1800 1339 nunc
1823 1318 1849 1353 ,
1914 1269 1984 1338 ni
2030 1268 2218 1337 fallor
2239 1316 2266 1352 ,
2323 1288 2364 1337 e
2403 1269 2556 1353 phi·

680 1392 1014 1479 losophiae
1067 1392 1397 1479 principiis
1424 1439 1450 1475 ,
1494 1409 1657 1475 quae
1706 1412 1924 1461 verum
1964 1405 2206 1475 spectat
2228 1438 2255 1474 ,
2298 1390 2549 1475 plenius

680 1511 1115 1599 intelligimus.
1200 1509 1359 1578 Non
1396 1523 1528 1576 erat
1587 1507 1693 1576 illa
1754 1507 1951 1574 Musa
1985 1506 2265 1574 Platonis
2303 1508 2408 1574 vel
2448 1524 2561 1573 co·

682 1627 847 1697 mica
904 1629 1009 1696 vel
1079 1627 1349 1714 tragica:
1430 1630 1664 1712 δημώδη
1721 1625 1942 1691 harum
2010 1624 2312 1691 musicam
2373 1642 2564 1692 voca·

687 1745 842 1829 bat3
887 1745 1001 1812 sed
1054 1750 1165 1826 τὴν
1210 1749 1474 1830 asyla-nu
1530 1742 1901 1829 respiciebat
1962 1748 2301 1827 μουσικῆν,
2362 1743 2411 1810 i.
2453 1761 2562 1827 e.,

688 1858 1154 1947 philosophiam
1225 1860 1392 1928 illam
1416 1908 1442 1944 ,
1505 1879 1669 1943 quae
1727 1878 1844 1928 nec
1901 1860 2148 1944 placere
2198 1859 2559 1928 hominibus

689 1995 809 2045 nec
868 1976 1195 2064 gratificari
1242 1995 1360 2045 nec
1405 1996 1561 2045 vero
1604 1978 1841 2074 adulari
1894 1979 2218 2046 studeret:
2264 1977 2375 2059 qui
2409 1979 2566 2060 poe-

686 2107 890 2162 tarum
962 2096 1160 2179 vulgo
1236 2113 1312 2161 ac
1380 2094 1811 2178 sophistarum
1896 2108 2339 2176 oratorumque
2420 2112 2564 2161 mos

692 2206 861 2278 fuitt
905 2210 1022 2277 sed
1081 2210 1207 2276 hoc
1249 2208 1376 2275 sibi
1420 2209 1679 2276 haberer
1718 2209 1907 2278 unice
1962 2209 2403 2295 propositum,
2448 2223 2566 2290 ut,

694 2326 947 2414 rejectis
1010 2325 1303 2394 inanibus
1329 2373 1354 2409 ,
1414 2344 1578 2408 quae
1638 2327 1719 2393 ab
1780 2326 1882 2395 his
1939 2325 2567 2408 commendarentur,

688 2463 904 2514 rerum
956 2442 1302 2512 simulacris
1320 2492 1344 2527 ,
1408 2444 1574 2527 ipsas
1629 2463 1731 2512 res
1775 2443 1825 2512 i.
1876 2462 1936 2513 e.
1981 2447 2317 2514 veritatem
2369 2444 2435 2511 in
2477 2446 2576 2510 lu·

696 2579 836 2629 cem
892 2562 1269 2646 produceret
1330 2561 1601 2647 ejusque
1653 2580 1867 2630 amore
1934 2561 2294 2629 incenderet
2343 2577 2573 2627 morta-

697 2679 820 2748 les.
908 2678 1089 2746 Hanc
1129 2677 1308 2745 Plato
1359 2677 1679 2744 Uraniam
1722 2676 1979 2744 Musam
2019 2695 2248 2744 vocare
2281 2669 2569 2759 solebat,

703 2816 891 2880 quam
946 2794 1061 2879 qui
1112 2796 1393 2862 colerent
1416 2842 1440 2877 ‚
1500 2793 1638 2862 sive
1697 2793 2144 2886 carminibus,
2168 2796 2307 2863 sive
2348 2794 2575 2862 oratio-

702 2913 941 2995 nibus,
1019 2912 1160 2980 slve
1228 2912 1590 2996 cuicunque
1654 2914 1902 2981 tandem
1979 2910 2294 2979 scribendi
2360 2909 2579 2996 generi

618 3113 631 3125 ·
706 3047 960 3113 operam
1020 3042 1321 3094 navarent
1343 3075 1370 3111 ,
1434 3031 1556 3096 hos
1619 3005 1803 3095 unice
1864 3028 2136 3096 scribere
2205 3027 2271 3094 in
2328 3028 2575 3113 generis

701 3143 959 3213 humani
1013 3147 1506 3213 emolumentum
1567 3145 1917 3214 contendit.
2025 3148 2323 3227 Cumque
2384 3161 2575 3212 nemo

702 3261 905 3330 adhuc
938 3268 1268 3347 poetarum
1316 3263 1869 3347 scriptorumque,
1911 3262 1989 3329 de
2036 3263 2172 3347 ejus
2211 3260 2524 3328 sententia
2545 3306 2575 3343 ,

707 3379 897 3469 digna
954 3380 1068 3446 hac
1136 3380 1335 3447 Musa
1389 3400 1580 3465 opera
1639 3380 1971 3462 edidisset,
2041 3379 2378 3447 Socraticis
2407 3393 2418 3408 ·
2443 3379 2584 3464 ipse
2655 3421 2670 3442 .

706 3500 1106 3569 sermonibus
1168 3499 1517 3567 scribendis
1541 3548 1565 3582 ,
1632 3518 1824 3567 artem
1889 3499 2204 3569 scribendi
2248 3498 2535 3568 excoluit
2555 3547 2584 3583 ,

711 3637 875 3700 quae
929 3632 1170 3684 tantum
1242 3618 1611 3702 vulgaribus
1689 3617 1933 3684 artibus
1953 3666 1979 3701 ‚
2047 3632 2351 3701 quantum
2422 3618 2587 3685 Ura·

711 3732 858 3797 nius
898 3753 1076 3800 amor
1124 3733 1366 3819 vulgari
1419 3735 1617 3802 amori
1660 3749 2029 3819 praestaret.
2130 3735 2423 3819 Iniquius
2481 3734 2584 3801 cui

709 3846 884 3936 forte
936 3850 1042 3916 ille
1102 3852 1185 3920 de
1243 3851 1500 3940 scriptis
1565 3853 1828 3920 aliorum
1877 3852 2194 3939 judicasse
2261 3852 2582 3933 videntur-3

2474 3965 2586 4033 sed

788 4098 877 4173 (ι)
911 4096 1041 4158 vol.
1078 4095 1124 4153 1.
1164 4114 1220 4168 p.
1260 4103 1380 4172 ¹⁵7·
1421 4103 1535 4173 174.
2507 4103 2514 4112 '
