2792 5167
1522 437 1916 522 ...Q-...⁶

761 620 903 692 dem
971 639 1159 707 opere
1204 621 1526 690 contendit
1585 621 1814 690 Cicero
1856 642 1876 688 ε
1947 620 2005 689 si
2063 622 2252 690 nobis
2273 669 2298 705 ‚
2353 640 2494 690 cum
2535 638 2605 691 ex

758 742 875 810 hac
930 741 1059 807 vita
1117 739 1629 824 migraverimus,
1697 739 1761 805 in
1805 738 2130 806 boetorum
2176 740 2401 806 insulis
2423 786 2449 821 ‚
2503 740 2609 805 im·

758 859 1018 928 mortale
1055 876 1277 926 aevum
1294 904 1321 940 ‚
1363 871 1438 926 ut
1485 855 1731 924 fabulae
1784 854 1999 923 ferunt
2021 905 2046 940 ,
2089 858 2315 941 degere
2366 858 2606 939 liceret,

757 972 912 1055 quid
962 992 1129 1058 opus
1182 990 1348 1041 esset
1403 975 1805 1059 eloquentia,
1850 993 1995 1042 cum
2030 975 2265 1061 judicia
2298 977 2471 1044 nulla
2511 974 2617 1043 fie-

752 1105 895 1154 rent
918 1090 952 1156 2
996 1105 1106 1157 aut
1142 1091 1299 1175 ipsis
1338 1092 1520 1159 etiam
1559 1091 1954 1159 virtutibus?
1997 1111 2113 1159 nec
2153 1093 2316 1162 enim
2362 1091 2611 1161 fortitu·

753 1207 922 1274 dinis
960 1208 1377 1292 indigeremus
1393 1257 1418 1292 ,
1463 1211 1643 1278 nullo
1686 1209 2023 1296 proposito
2066 1226 2175 1279 aut
2211 1209 2423 1279 labore
2439 1259 2466 1294 ‚
2508 1197 2616 1279 aut

752 1325 1080 1410 periculo:
1150 1345 1267 1394 nec
1299 1326 1547 1414 justitia
1569 1375 1595 1410 ‚
1635 1347 1781 1395 cum
1819 1342 2006 1396 esset.
2044 1327 2243 1411 nihil,
2288 1330 2466 1412 quod
2510 1347 2622 1413 ap·

753 1459 1074 1530 peteretur
1097 1445 1322 1513 alieni:
1370 1464 1487 1514 nec
1526 1446 1972 1531 temperantia,
2010 1466 2171 1530 quae
2203 1461 2440 1531 regeret
2474 1461 2618 1527 eas,

760 1582 923 1646 quae
955 1567 1165 1632 nullae
1204 1579 1452 1647 essent,
1496 1563 1831 1632 libidines:
1875 1581 1958 1630 ne
2001 1562 2331 1648 prudentia
2368 1562 2620 1646 quidem

755 1698 1078 1762 egeremus
1098 1731 1121 1763 ‚
1164 1686 1344 1749 nullo
1389 1684 1624 1749 dilectu
1669 1681 2003 1768 proposito
2042 1682 2352 1748 bonorum
2397 1695 2462 1747 et
2497 1700 2625 1748 ma·

750 1798 986 1865 lorum.
1074 1800 1224 1866 Una
1280 1819 1537 1866 essemus
1592 1797 1764 1864 beati
1816 1787 2160 1883 cognitione
2217 1812 2498 1864 naturae
2562 1814 2625 1864 et

749 1917 1016 1984 scientia
1036 1963 1061 1999 ,
1104 1938 1268 2004 quae
1303 1918 1437 1984 sola
1489 1930 1582 1986 est
1618 1918 1813 1983 etiam
1856 1915 2135 1984 Deorum
2169 1917 2311 1984 vita
2346 1913 2629 1982 laudan·

748 2026 861 2110 dq-
909 2026 975 2072 (ι)
1380 2015 1386 2028 ’

836 2147 988 2236 Quo
1049 2149 1247 2233 magis
1300 2152 1453 2218 haec
1503 2149 1733 2234 placita
1785 2169 1863 2216 ex
1909 2149 2047 2234 ipsa
2091 2148 2372 2217 Platonis
2412 2159 2625 2216 mente

747 2267 1257 2349 perceperimus,
1326 2287 1403 2333 eo
1463 2268 1709 2350 plenius
1781 2267 2200 2351 intelligemus
2241 2266 2387 2348 illa,
2450 2287 2627 2350 quae

748 2383 837 2450 de·
879 2382 1145 2467 pristino
1199 2385 1392 2452 animi
1443 2401 1506 2452 et
1561 2404 1724 2469 puro
1785 2398 1955 2451 statu
2009 2383 2075 2450 in
2135 2384 2418 2451 Phaedro
2467 2402 2628 2467 pro·

746 2501 1095 2568 nunciavit.
1183 2502 1312 2568 Sed
1368 2521 1445 2568 eo
1517 2502 1890 2586 priusquam
1959 2517 2388 2583 transeamus,
2453 2502 2626 2568 hanc

746 2617 930 2686 etiam
996 2616 1367 2704 philosophi
1428 2621 1831 2687 attendamus·
1886 2621 1964 2686 de
2025 2618 2234 2686 indole
2280 2633 2502 2686 nostra
2558 2635 2628 2686 et

742 2741 971 2806 natura
1013 2736 1410 2806 sententiam.
1620 2739 1628 2746 '

830 2857 950 2926 Nil
984 2857 1178 2924 homo
1215 2853 1505 2940 possidet
1545 2853 1753 2920 animo
1792 2851 2095 2920 divinius.
2182 2852 2433 2925 noim-ov
2492 2859 2630 2940 γὰρ

750 2987 866 3048 ‘75⁹
918 2983 1103 3047 αὑτοῦ
1167 2978 1495 3057 κτημάτων
1537 2978 1705 3055 μετὰ
1753 2977 1914 3049 θὸθὺσ
1956 2975 2136 3058 ψυχὴ
2191 2975 2505 3042 θειότατον.
2558 2970 2628 3015 ω

738 3078 988 3156 'Verum
1015 3138 1039 3174 ‚
1102 3089 1306 3172 qualis
1372 3088 1494 3154 ille·
1546 3088 1633 3154 sit
1655 3135 1680 3170 ,
1743 3088 1800 3151 si
1855 3104 2239 3171 cognoscere
2299 3089 2576 3154 velimus
2604 3133 2633 3169 ‚
2747 3143 2760 3156 .

741 3203 912 3274 haud
975 3204 1202 3270 intueri
1250 3219 1390 3270 eum
1424 3218 1678 3287 oportet
1721 3205 2034 3286 pollutum
2088 3202 2636 3289 inquinatumque

744 3320 1031 3407 corporis
1084 3319 1526 3388 communione
1584 3335 1647 3385 et
1704 3320 1961 3386 caeteris
2027 3321 2250 3403 malis3
2317 3321 2474 3400 sed,
2550 3341 2642 3389 ut

744 3444 970 3512 natura
1016 3458 1087 3506 se
1134 3437 1325 3504 habet
1344 3485 1368 3521 ‚
1419 3453 1647 3520 purum
1700 3451 1764 3502 et
1835 3436 2145 3503 sincerum
2170 3485 2195 3520 ‚
2253 3439 2437 3503 talem
2491 3458 2637 3510 nos

740 3561 922 3626 docet
977 3576 1118 3623 eum
1171 3553 1525 3622 discernere
1580 3554 1819 3621 radone
1872 3569 1935 3619 et
1994 3552 2386 3639 perspicere:
2481 3558 2636 3644 Qui

747 3678 1060 3747 Glaucum
1119 3674 1422 3742 marinum
1486 3672 1705 3739 vident
1743 3716 1769 3756 ‚
1829 3673 1999 3742 haud
2053 3686 2327 3757 possunt
2391 3671 2484 3740 illi
2543 3691 2652 3746 ex·

748 3810 1069 3876 praesente
1108 3792 1317 3879 specie
1343 3839 1369 3876 ‚
1413 3792 1730 3877 antiquam
1793 3792 1929 3879 ejus
1975 3804 2257 3860 naturam
2316 3793 2632 3875 assequi:

2463 3921 2654 4008 φατ’

813 4037 880 4114 (ι’
944 4045 1154 4114 fram
1188 4064 1244 4114 p.
1284 4041 1439 4116 1094.
1477 4041 1582 4101 Ed.
1620 4041 1756 4101 Ern-
1827 4044 1922 4115 (a)
1956 4043 2244 4115 DoLegga
2284 4040 2359 4098 V.
2392 4041 2518 4097 init.

1633 4175 1658 4211 t
1739 4155 1758 4214 ἱ
