2792 5167
253 617 621 702 surdasqne
675 634 874 686 rerum
940 617 1487 706 interpretationes
1508 669 1535 706 ,
1580 643 1777 707 ¹<uuus
1837 625 2137 710 §ensibus

245 734 449 812 debet
509 735 771 803 animus.
913 735 1081 804 Hinc
1141 753 1351 806 autem
1412 740 1698 808 socrates
1756 761 1899 808 cum
1956 743 2132 822 initia

241 850 437 919 ducit
495 851 952 935 arithmeticae,
1000 867 1131 920 tum
1177 855 1485 940 explicat,
1543 858 1748 938 qualia
1799 859 1926 926 sint
1967 878 2129 943 quae

242 969 329 1035 ad
379 970 680 1040 mundum
733 977 948 1050 vom-au.
990 972 1328 1056 pertinent.
1417 976 1752 1058 Apparent
1800 976 1968 1058 ista,
2030 978 2128 1052 inv

237 1085 384 1169 quit
407 1134 435 1170 ,
522 1087 733 1153 animo
793 1086 1100 1170 confusa,
1185 1107 1302 1168 nec
1365 1088 1631 1177 intelligi
1698 1107 1914 1178 recte,
2002 1095 2133 1178 nisi

225 1201 681 1289 dixtingmndo
705 1250 730 1287 ,
760 1219 1058 1289 possunt.
1103 1206 1342 1272 Iccirco
1380 1207 1649 1289 primum
1689 1225 1957 1276 conatur
1986 1212 2123 1280 ani-

227 1339 379 1392 mus
393 1323 445 1403 ,⁶
513 1322 816 1388 advocata
880 1323 1122 1389 ratione
1187 1324 1594 1407 adhibitaque
1646 1325 1875 1392 mentis
1928 1326 2113 1411 acie,

223 1437 687 1521 considerare,
770 1455 986 1508 utrum
1044 1457 1235 1504 unum
1299 1440 1428 1504 sint
1480 1457 1563 1504 an
1626 1440 1754 1508 duo
1819 1442 2065 1529 singula
2088 1490 2115 1526 ,

231 1572 409 1636 quae
457 1554 831 1642 annunciata
887 1570 1060 1622 sunt.
1145 1555 1215 1622 Si
1276 1556 1405 1654 duo
1466 1572 1765 1639 apparent
1788 1602 1812 1637 ,
1854 1561 2119 1636 alterum

226 1684 298 1740 et
372 1685 729 1755 utrumque
804 1691 998 1737 unum
1074 1670 1439 1754 apparebit..
1556 1670 1626 1737 si
1700 1690 1851 1739 vero
1925 1689 2118 1750 unum

225 1801 637 1872 utrumque,
721 1788 906 1854 ambo
963 1804 1165 1856 autem
1231 1788 1360 1853 duo
1414 1801 1754 1872 apparent,
1839 1768 2117 1873 separata

225 1902 366 1970 duo
428 1905 726 1990 intelligit
785 1904 1052 1972 animus.
1141 1903 1280 1991 Jam
1348 1904 1553 1986 visum
1615 1904 1885 1974 diximus
1942 1924 2115 1991 mag-

219 2040 382 2090 num
436 2039 510 2092 et
549 2043 811 2108 parvum
858 2022 1135 2103 vidisse,
1175 2023 1292 2090 sed
1336 2041 1467 2089 non
1497 2022 1912 2104 distinctum,
1955 2040 2122 2122 con-

225 2139 457 2208 fusum
526 2160 724 2208 vero:
813 2140 928 2206 hac
1008 2154 1216 2206 autem
1295 2138 1726 2206 distinctionis
1794 2138 2111 2210 evidentia

230 2275 416 2325 mens
479 2257 706 2325 intueri
754 2257 1007 2343 cogitur
1060 2275 1192 2323 non
1237 2254 1559 2337 confusa,
1622 2256 1733 2322 sed
1790 2254 2110 2337 discreta,

222 2391 454 2443 contra
504 2395 575 2442 ac
637 2376 840 2442 visus.
970 2375 1188 2456 Atque
1253 2373 1338 2439 ita
1411 2372 1663 2456 quidem
1725 2373 2117 2462 numerando,

222 2507 288 2559 et
341 2492 797 2578 distinguimus
838 2511 984 2572 res,
1045 2510 1161 2558 nec
1221 2490 1673 2558 committimus
1698 2538 1722 2571 ‚
1766 2505 1837 2557 ut
1884 2490 2103 2560 iisdem

221 2609 418 2677 rebus
505 2608 813 2675 contraria
864 2605 1239 2676 tribuamus.
1353 2607 1480 2678 Hic
1543 2622 1744 2671 autem
1802 2625 1921 2674 nos
1976 2609 2110 2691 pri-

223 2746 399 2793 mum
465 2725 660 2794 subit·
689 2724 1053 2806 inquirere,
1099 2723 1252 2803 quid
1298 2724 1504 2804 ipsum
1572 2722 1655 2788 sit
1710 2742 1996 2806 magnum
2045 2739 2110 2794 et

228 2861 549 2925 parvum:
638 2859 808 2922 que,
894 2839 1103 2906 missis
1189 2838 1377 2904 rebus
1428 2836 1831 2916 visibilibus,
1906 2837 1979 2904 ad
2033 2857 2102 2918 ea

224 2958 670 3039 escendimus,
715 2973 882 3038 quae
915 2956 1053 3021 sola
1101 2969 1307 3024 mente
1343 2953 1778 3037 percipiuntur
1817 2968 1882 3022 et
1919 2959 2102 3035 νοητὰ

216 3077 550 3147 dicuntur.
641 3074 813 3144 Haec
857 3053 1060 3152 sunt,
1122 3072 1368 3154 inquit,
1438 3092 1601 3154 quae
1666 3073 1856 3138 modo
1898 3073 2109 3146 declaf

215 3217 352 3266 rare
413 3211 755 3282 aggressus
806 3211 946 3258 sum
969 3237 995 3270 ,
1061 3210 1252 3273 quum
1307 3189 1577 3256 dicerem
1604 3234 1628 3268 ,
1670 3188 1788 3252 alia
1846 3184 2104 3271 negotia

219 3317 660 3401 ramma}
737 3328 879 3378 esse
951 3318 1060 3387 τῆς
1133 3311 1435 3386 Βαναίας,
1520 3306 1641 3372 alia
1674 3353 1687 3368 .
1716 3321 1845 3368 non
1915 3321 2099 3372 esse:
2204 3333 2208 3340 ·

226 3433 660 3517 παρακλητικὰ
729 3426 1032 3495 definiens
1058 3471 1080 3505 ,
1168 3440 1330 3506 quae
1406 3418 1785 3484 contrarium
1847 3435 2102 3481 sensum

232 3562 497 3615 movent
565 3546 807 3624 simul,
896 3559 1060 3623 quae
1136 3558 1288 3605 vero
1365 3554 1497 3602 non
1575 3546 1883 3611 mov-ent,
1978 3548 2106 3597 non

229 3665 521 3750 ἐγερτικὰ
590 3668 698 3737 τ”.ς
765 3665 1013 3741 ’νοήσεως
1093 3641 1350 3720 diceri&-⁸
1413 3692 1501 3705 -
1580 3648 1834 3735 Quibus
1909 3649 2129 3753 expli-⁸

232 3779 419 3864 citis,
466 3796 629 3848 nunc
684 3777 969 3848 Socrates
1012 3770 1327 3838 Glauconi
1371 3764 1815 3832 arithmeticam
1866 3757 1941 3831 ut‘
1974 3767 2104 3833 dis:

236 3896 527 3979 ciplinam
591 3894 934 3982 proponit,
980 3906 1142 3971 quae
1168 3931 1192 3968 ,
1239 3899 1499 3968 propter
1561 3902 1952 3952 numerorum
1994 3877 2107 3949 na'ss

237 4027 481 4100 turam,
527 4024 791 4080 mentem
851 4005 1122 4084 maxime
1170 3999 1234 4067 in
1293 4000 1589 4077 mundum
1642 4007 1837 4083 νεητὲν
1892 4002 2103 4081 adque

2005 4130 2102 4195 tp-
