2792 5167
910 501 1296 582 ..239-

136 682 346 755 ducit
371 730 400 767 ,
454 697 525 749 ut
570 696 707 759 tota
746 682 849 749 illa
890 681 953 750 in
998 680 1322 750 Phaedone
1362 682 1483 746 hoc
1519 680 1601 747 de
1639 678 1871 764 placito
1910 678 2040 746 dis-

134 799 471 888 putatio,
533 799 821 884 quamvis
870 800 1156 883 partibus
1201 796 1520 881 variisque
1559 794 2042 880 argumentatio·

142 918 368 986 nibus
412 916 752 998 distincta,
795 934 914 986 una
954 916 1040 983 sit
1082 934 1283 983 tamen
1336 930 1397 980 et
1444 898 1749 981 continua
1786 915 2043 980 demon-

150 1036 449 1118 stratio,
505 1055 542 1101 a
602 1035 812 1119 specie
873 1037 1141 1120 primum
1205 1050 1266 1100 et
1320 1031 1760 1116 probabilitate
1810 1031 2046 1111 ducta,

151 1155 321 1223 inde
391 1169 595 1221 autem
655 1153 951 1236 deinceps
1011 1153 1091 1218 ad
1140 1149 1226 1217 rei
1286 1149 1657 1231 scientiam,
1697 1164 1868 1215 certe
1907 1165 2050 1233 per·

152 1272 537 1340 suasionem
565 1319 589 1352 ‚
633 1272 812 1354 quasi
855 1291 967 1354 per
1012 1270 1236 1355 gradus
1274 1269 1637 1334 escendens.
1726 1267 1877 1354 Quo
1922 1285 2053 1332 ma-

160 1389 273 1473 gis
318 1384 729 1473 vituperanda
766 1386 1011 1454 illorum
1054 1385 1363 1452 temeritas
1406 1402 1540 1467 est,
1589 1386 1741 1468 qui,
1781 1383 2051 1466 singulis

162 1504 546 1589 singulatim
609 1504 1250 1589 argumentationibus
1302 1505 1424 1570 sub
1485 1522 1738 1570 examen
1798 1522 2053 1569 revoca-

166 1626 317 1709 tis,
369 1624 719 1707 iisdemque
769 1643 961 1708 porro
1019 1622 1303 1708 reiectis,
1363 1624 1681 1688 universas
1736 1620 2051 1708 reiiciunt.

166 1741 403 1810 Totus
456 1741 643 1809 nobis
698 1760 826 1807 uno
878 1757 1094 1809 tenore
1134 1742 1544 1826 perlegendus
1589 1742 1873 1823 dialogus
1916 1755 2055 1823 est,

168 1876 251 1931 ut
290 1880 442 1927 eum
484 1874 654 1926 recte
691 1859 1109 1945 intelligamus
1145 1876 1215 1924 ac
1250 1859 1679 1941 persuasionis
1711 1857 1851 1924 inde
1882 1854 2055 1924 fruc-

175 1995 323 2045 tum
372 1979 450 2043 de
499 1997 565 2044 re
620 1976 899 2043 omnium
953 1975 1319 2062 gravissima
1375 1994 1591 2040 verum
1645 1972 2057 2040 uberrimum-

179 2114 319 2179 que
362 2093 804 2183 percipiamus.
892 2094 986 2162 Ita
1031 2093 1316 2161 fecerunt
1358 2091 1641 2175 antiqui:
1690 2109 1879 2175 atque
1917 2091 2060 2159 inde

183 2209 670 2291 declarandum,
723 2229 916 2294 quare
951 2224 1178 2277 tantam
1225 2208 1415 2276 lectio
1458 2209 1732 2292 dialogi,
1770 2222 2060 2293 quantam

184 2325 494 2394 novimus
519 2372 543 2406 ,
589 2324 653 2392 in
696 2324 1014 2410 principes
1061 2323 1243 2393 etiam
1291 2326 1461 2394 viros
1511 2326 1640 2391 vim
1694 2340 1759 2392 et
1807 2324 2062 2393 efficaci-

185 2458 389 2511 tatem
436 2441 749 2511 habuerit.
840 2444 962 2510 Sed
1018 2442 1121 2510 hic
1178 2445 1360 2511 locus
1408 2462 1530 2509 nos
1590 2442 1885 2527 adducit,
1942 2458 2061 2524 ut,

186 2560 413 2647 prouti
470 2562 658 2628 modo
718 2562 795 2628 de
848 2560 1099 2630 Politia
1144 2561 1457 2644 Platonis,
1523 2561 1607 2629 ita
1662 2560 1771 2629 hle
1809 2562 1889 2629 de
1924 2562 2060 2645 ejus

190 2675 530 2748 Phaedone
563 2679 705 2748 data
745 2682 938 2765 operti
979 2696 1261 2765 agamus.·

605 2910 724 2983 De
778 2911 1168 2982 Platonx's
1229 2911 1662 2981 Phaedone.

283 3148 638 3235 Scripsisse
695 3150 864 3217 hunc
928 3146 1239 3233 dialogum
1305 3147 1725 3232 philosophus
1781 3144 2071 3227 videtur,

200 3269 419 3350 paullo
463 3280 617 3352 post
656 3284 839 3349 quam
873 3267 952 3333 ad
992 3264 1176 3332 finem
1211 3262 1512 3331 Politian»
1562 3263 1854 3342 duxerat,
1908 3278 2075 3329 certe

200 3386 273 3451 ea
333 3398 591 3464 aetate,
659 3404 781 3467 qua
848 3383 1111 3449 maxime
1162 3380 1419 3464 ingenio
1458 3379 2078 3463 philosophandique

204 3500 421 3567 studio
476 3515 540 3566 et
582 3498 879 3567 facultate
921 3500 1192 3585 vigebat.
1297 3497 1461 3565 Nam
1522 3495 1700 3564 abest
1762 3500 2075 3580 multum,

203 3630 321 3700 ut,
389 3618 725 3684 scribendo
784 3618 941 3696 ille,
1005 3617 1319 3682 Socratem
1381 3614 1571 3679 nobis
1631 3615 2079 3697 solummod0,

210 3736 731 3814 quemadmodum
772 3735 836 3801 in
871 3750 1113 3798 carcere
1153 3732 1229 3798 de
1264 3732 1609 3796 animorum
1659 3731 2083 3799 immortalita-

208 3865 271 3914 te
307 3852 615 3933 dixisset,
649 3870 780 3918 tum
822 3850 1003 3916 etiam
1049 3860 1309 3914 mortem
1354 3847 1692 3928 subiisset,
1737 3847 2087 3916 describere

209 3970 517 4038 studeret.
622 3969 794 4036 Fecit
849 3966 1003 4032 illud
1062 3983 1256 4035 sane:
1320 3977 1382 4029 et
1428 3966 1549 4029 hoc
1593 3965 1833 4047 agendo
1877 3966 2085 4031 locum

209 4081 398 4151 simul
456 4086 620 4151 hunc
682 4085 742 4150 in
804 4080 1205 4166 philosophia
1261 4080 1714 4164 amplissimum
1755 4084 1831 4147 de
1876 4080 2088 4150 futura

1993 4218 2087 4263 vn·
