2792 5167
966 542 1357 609 ..231-

148 728 462 777 mamm
503 707 966 791 intelligendum
1010 703 1245 790 putavi.
1332 706 1495 772 Nam
1519 752 1545 789 ,
1589 722 1661 774 ut
1718 707 1785 773 in
1830 707 2078 794 dialogo

143 826 295 895 mo
394 827 508 894 Dei
566 825 759 891 veluti
821 823 1142 907 imaginem
1204 820 1686 902 informaverat,
1757 822 1839 889 ita
1890 836 2078 892 senex

142 945 451 1012 tandem
482 990 505 1023 ‚
563 942 628 1007 in
672 941 948 1030 Legibus
996 939 1389 1019 scribendis,
1448 940 1605 1004 hanc
1646 957 1819 1006 suam
1860 941 1941 1006 de
1981 939 2077 1006 dl-

142 1062 335 1129 vina
401 1062 620 1127 natura
683 1057 1045 1125 sententiam
1105 1054 1457 1123 rationibus
1516 1056 1885 1139 persuadere
1938 1066 2076 1123 stu-

140 1177 359 1247 duit.
497 1175 643 1242 Nos
700 1175 894 1258 igitur
932 1173 1083 1255 his,
1151 1187 1224 1239 ut
1262 1190 1627 1256 speramus,
1693 1173 2074 1258 praeparati,

146 1294 247 1363 ad
308 1292 640 1375 dialogum
690 1291 865 1359 illum
918 1290 1219 1357 illustrem
1245 1336 1271 1371 ,
1315 1289 1593 1356 omnium
1617 1335 1642 1372 ,
1689 1291 1798 1374 qui
1855 1291 2076 1376 scripti

156 1411 517 1479 aPlatone
542 1407 812 1490 aliisque
831 1422 1019 1490 sunt,
1062 1409 1247 1491 longe
1265 1406 1860 1490 celebratissimum,
1903 1418 2073 1476 nunc

150 1528 441 1595 tandem
482 1525 873 1593 accedamus.

642 1757 762 1824 De
822 1758 1142 1827 Timaeo
1204 1756 1617 1826 Platonis.

255 1992 447 2059 Vere
515 1988 801 2074 profecto
859 1988 1091 2055 Cicero
1115 2034 1141 2069 ,
1206 1988 1621 2079 difficillimam
1684 2006 1826 2057 esse
1878 1988 2069 2072 huius

160 2108 420 2191 dialogi
466 2107 1038 2190 interpretationem
1068 2153 1092 2186 ‚
1139 2107 1418 2189 judicat:
1479 2081 1605 2172 ‘res
1648 2107 1811 2174 enirn
1858 2107 2069 2191 ipsas,

162 2226 251 2291 de
296 2223 544 2308 quibus
586 2221 833 2305 agitur,
876 2221 1181 2288 obscuras
1235 2242 1398 2289 esse.
1528 2223 1900 2304 Interdum,
1942 2222 2070 2304 ait,

162 2361 406 2409 rerum
473 2338 812 2405 obscuritas
829 2384 854 2420 ,
919 2360 1040 2405 non
1103 2339 1429 2406 verborum
1446 2385 1469 2419 ‚
1536 2341 1717 2425 facit
1745 2388 1770 2422 ‚
1827 2356 1901 2407 ut
1949 2350 2071 2408 non

161 2458 597 2542 intelllgatm·
630 2458 833 2522 oratio
856 2501 880 2535 ,
925 2455 1136 2541 qualis
1165 2472 1256 2523 est
1285 2460 1357 2522 in
1385 2457 1635 2523 Timaeo
1659 2456 1964 2530 Platonis.
1981 2457 2065 2527 (ι)
2137 2472 2142 2477 ·

167 2572 455 2642 Accedit
497 2571 809 2650 musicae,
864 2586 936 2636 ut
980 2570 1107 2638 illic
1163 2568 1305 2638 cum
1349 2574 1921 2640 mathematicorum
1972 2590 2072 2642 ra-

167 2688 478 2755 tionibus
524 2687 857 2770 conjuncta
903 2704 1042 2766 est,
1103 2688 1477 2754 difficultas:
1547 2690 1719 2771 quod
1772 2689 2067 2775 Quincti-

168 2807 391 2873 lienus
436 2802 887 2877 animadvertit.
992 2802 1178 2870 Plato
1197 2850 1222 2884 ,
1259 2804 1386 2884 ait,
1430 2824 1570 2869 cum
1610 2810 1684 2869 in
1726 2793 1873 2871 ale‘ls
1925 2809 2072 2893 qul-

170 2921 447 2990 busdam
470 2966 497 3002 ,
539 2935 675 2986 tum
709 2922 1048 3007 praecipue
1086 2924 1157 2984 in
1201 2920 1448 2986 Timaeo
1492 2940 1567 2985 nc
1609 2922 1883 3008 intelligi
1929 2926 2073 3008 qul-

169 3036 311 3104 dem
331 3082 358 3119 ,
430 3039 560 3103 nm
595 3037 678 3103 ab
715 3040 797 3102 ils
818 3084 843 3118 ,
906 3038 1022 3121 qui
1076 3041 1378 3108 musicam
1437 3056 1677 3125 quoque
1735 3037 2074 3127 diligenter

164 3156 620 3243 perceperim,
663 3168 882 3240 potest.
916 3151 1004 3220 (2)
1133 3154 1312 3240 Quae
1370 3174 1510 3220 cum
1579 3158 1931 3222 communis
1987 3156 2075 3224 sit

168 3271 484 3337 Veterum
528 3271 608 3336 de
644 3261 889 3337 Ts‘maoo
926 3270 1233 3337 sententia
1256 3269 1679 3352 ,·frustraque
1719 3273 1918 3338 adhuc
1982 3274 2072 3338 la..

178 3386 472 3452 borarint
528 3386 951 3465 recentiores,
1000 3400 1071 3453 ut
1124 3400 1491 3470 superarent
1535 3387 1927 3453 difficultates
1984 3389 2073 3454 is-

171 3517 270 3567 tas
294 3548 322 3583 ,
386 3520 511 3584 ego
572 3519 720 3568 sane
772 3503 973 3570 audax
1033 3520 1174 3568 esse
1232 3518 1293 3566 et
1356 3501 1723 3568 temerarius
1787 3503 2070 3585 viderer,

176 3618 233 3682 si
279 3619 752 3702 interpretando
802 3620 1108 3702 explicare
1149 3632 1353 3684 totum
1398 3618 1564 3684 hunc
1614 3619 1926 3702 dialogum
1966 3636 2076 3702 ag-

172 3705 509 3815 ‘gr-ederet.
593 3736 731 3802 Nec
785 3754 936 3802 vero
993 3736 1057 3800 id
1114 3735 1195 3800 ab
1250 3734 1434 3800 initIo
1488 3735 1726 3817 negotii
1780 3732 2070 3818 suscepi,

188 3866 261 3920 ut
298 3855 537 3938 scripta
574 3852 858 3920 Platonis
914 3851 1126 3920 dedita
1181 3870 1371 3935 opera
1419 3850 1897 3936 interpretarer,
1959 3851 2072 3919 scd

1945 3969 2068 4035 hoe

255 4107 353 4180 (a)
390 4110 480 4161 De
502 4106 628 4160 Fin.
662 4105 746 4161 11.
778 4105 901 4161 αὖ.
1060 4106 1159 4176 (α)
1199 4104 1433 4176 Quiesce.
1470 4104 1519 4158 1.
1541 4119 1628 4161 ιο.
