2792 5167
923 520 1307 568 -1121—

177 689 365 756 Unde
408 690 613 768 ipsum
665 685 831 768 apud
888 682 1255 749 recentiores
1303 682 1591 768 poliaeicae
1632 702 1854 749 nomen
1907 688 2028 750 cal·

178 803 442 871 liditatis
531 816 720 885 atque
803 801 1062 866 astutiae
1140 799 1649 882 significationem
1725 804 2028 886 suscepit.

179 920 355 988 Nota
411 937 509 984 res
558 931 696 997 est,
745 936 875 999 quo
931 915 1213 983 audaciae
1258 916 1739 998 temeritatisque
1791 920 1902 984 hac
1962 921 2028 987 iu

190 1055 256 1101 re
288 1038 461 1118 ‘apud
506 1037 691 1101 ltalos
726 1033 1098 1116 processerit
1137 1033 1665 1118 Macchiavellus;
1712 1037 1821 1101 sed
1856 1056 2031 1120 prae·

198 1153 394 1217 iverat
448 1151 567 1235 ipsi
620 1150 1039 1217 Aristotelest
1128 1151 1308 1234 cujus
1355 1168 1392 1213 e
1445 1151 1718 1231 politicis
1780 1154 2033 1237 scriptis

192 1288 334 1336 cum
354 1269 467 1334 alia
497 1270 631 1333 loca
666 1267 1031 1352 interpretes
1055 1265 1489 1332 Macchiavelli
1522 1285 1855 1349 notarunt,
1900 1286 2028 1337 tum

193 1383 354 1452 hanc
391 1385 799 1452 sententiam:
886 1404 1007 1450 non
1063 1399 1208 1470 opus
1266 1397 1356 1447 est
1397 1387 1717 1472 principi,
1782 1401 1853 1450 ue
1916 1390 2036 1453 sit

196 1505 414 1586 bonus,
456 1500 628 1569 modo
666 1523 786 1567 esse
824 1497 1365 1566 videaturh).
1477 1501 1668 1582 Apud
1718 1501 2028 1568 Platonem

196 1639 347 1687 vero
408 1619 644 1686 ethicae
706 1618 861 1684 illud
906 1635 967 1683 et
1022 1617 1310 1700 politicae
1357 1616 1671 1684 vinculum
1731 1620 2034 1701 integrum

196 1751 439 1803 exstat:
495 1736 669 1818 quod
706 1749 873 1799 recte
910 1736 1235 1802 tenendum
1258 1780 1282 1813 ‚
1323 1750 1393 1800 ut
1428 1735 1710 1818 dialogos
1749 1738 1883 1820 ejus
1925 1757 2045 1819 po·

197 1851 406 1918 liticos
430 1898 454 1932 ‚
495 1869 637 1917 cum
673 1865 993 1930 caeteros,
1036 1864 1167 1914 tum
1202 1847 1268 1914 in
1302 1848 1520 1930 primis
1546 1850 1880 1932 Pontiam,
1925 1871 2041 1916 un·

196 1968 277 2033 de
332 1968 476 2033 haec
529 1965 733 2032 omnia
788 1966 1130 2047 duximus,
1172 1980 1338 2031 recte
1382 1965 1818 2048 intelligamus.

610 2197 723 2262 Dc
776 2197 1179 2284 politicis
1246 2196 1645 2261 Platonis

930 2311 1330 2398 dialogi&

287 2551 380 2618 Ut
418 2548 668 2616 eroticis
703 2547 1063 2633 philosophi
1116 2549 1375 2633 dialogis
1427 2548 1770 2627 dialectici,
1813 2550 1897 2615 ita
1952 2553 2050 2618 his

204 2666 524 2735 subsecuti
600 2666 841 2749 politici
921 2666 1256 2733 videnturt
1343 2686 1503 2748 quae
1573 2666 1731 2733 ratio
1801 2667 2052 2752 ingenio

202 2784 476 2851 bominis
526 2783 780 2867 propria
822 2799 966 2864 est,
1010 2800 1081 2850 ut
1134 2803 1168 2849 a
1214 2786 1435 2866 pulcro
1478 2785 1566 2850 ad·
1608 2803 1813 2850 verum
1840 2832 1864 2867 ‚
1908 2787 2054 2854 hinc

202 2917 407 2970 autem
450 2900 530 2966 ad
564 2902 802 2984 justum
845 2899 1209 2981 bonumque
1261 2918 1331 2966 ac
1370 2917 1592 2966 -rerum
1650 2903 2052 2971 humanarum

209 3019 561 3086 interiorem
602 3016 1102 3099 disquisitionem
1158 3017 1475 3099 procedat.
1562 3017 1776 3100 Itaque
1815 3020 2053 3103 scripto

210 3135 530 3201 Theaeteto
568 3152 639 3199 ac
678 3133 964 3220 Sophiste
1002 3134 1079 3198 ad
1127 3134 1454 3200 Ponticum
1504 3154 1874 3220 progressus
1914 3153 2052 3219 est;

209 3252 320 3318 sed
359 3249 503 3332 hic,
546 3249 830 3330 quamvis
882 3247 1133 3316 nomine
1184 3249 1501 3332 politicam
1547 3254 1928 3334 prudentiam
1966 3273 2061 3320 re·

215 3365 447 3445 ferret,
489 3385 555 3431 re
596 3382 840 3446 tamen,
885 3380 958 3430 ut
999 3368 1315 3448 vidimus,
1359 3367 1440 3433 ad
1490 3368 1859 3435 dialecticam
1924 3391 2064 3454 per-

214 3480 453 3548 tinebat
510 3481 792 3547 maxime.
926 3480 1240 3547 Politicam
1319 3483 1563 3549 demum
1652 3486 1788 3552 data
1875 3505 2064 3570 opera

218 3613 477 3666 tractare
530 3598 594 3662 in
639 3597 935 3682 Gorgia,
1000 3598 1383 3679 maximeque
1427 3599 1492 3664 in
1537 3602 1771 3666 Politia
1828 3605 2062 3688 coepit.

219 3716 499 3800 Gorgiae
553 3729 978 3797 argumentum
999 3759 1025 3794 ,
1108 3731 1177 3779 ut
1224 3714 1544 3797 Phaedri,
1626 3717 2019 3789 Rhetoricam
2043 3772 2066 3802 ‚

514 3911 527 3926 ι
1985 3843 2071 3906 si·

296 3977 379 4045 (ι)
418 3971 495 4027 V.
536 3974 764 4026 Aristot.
805 3976 982 4029 Polie.
1020 3974 1095 4033 V.
1130 3994 1181 4043 Ρ.
1209 3977 1299 4033 ειδι
1425 3977 1515 4031 Cf.
1555 3979 1824 4036 Numanui
1873 3990 2065 4042 Dian.

228 4079 286 4130 in
317 4073 632 4130 Mace-hiav-
674 4090 862 4143 opu-rc.
896 4075 960 4127 de
994 4078 1282 4146 Principe.
1327 4074 1458 4130 Pera
1482 4078 1560 4134 11.
1594 4097 1650 4147 p.
1671 4100 1719 4146 7.
