2792 5167
1430 469 1785 553 -36—

679 652 872 726 nobis
915 664 1379 737 repraesentare
1417 653 1624 720 denuo
1663 650 1985 736 possimus
2002 695 2027 732 ,
2068 648 2559 730 exardescatque

683 773 768 840 ita
815 773 882 839 in
943 769 1167 837 animis
1232 768 1471 835 nostris
1532 769 1827 838 scientiae
1879 765 2214 853 ipsiusque
2265 764 2565 833 veritatis

684 890 949 974 cupido.
990 886 1056 937 <⁰

778 994 1033 1062 Sciiicet
1079 1011 1209 1059 non
1264 993 1347 1059 ita
1405 992 1591 1060 nobis
1653 981 1934 1061 de'vero
2010 990 2509 1061 existimandum
2536 1038 2566 1073 ‚
2610 1065 2619 1074 ,

693 1112 874 1198 quasi
934 1109 1248 1179 diversum
1305 1109 1392 1176 sit
1446 1111 1629 1194 plane
1675 1128 1711 1177 a
1766 1110 1991 1192 pulcro
2013 1154 2040 1191 ‚
2118 1126 2155 1173 a
2209 1108 2384 1174 bono
2410 1153 2435 1188 ‚
2522 1126 2565 1172 a

685 1233 866 1317 justo
891 1275 917 1311 ‚
981 1228 1084 1295 vel
1148 1225 1329 1310 quasi
1395 1226 1488 1294 sic
1560 1227 1973 1312 distinguatur
2039 1224 2117 1291 ab
2177 1224 2396 1306 hisce,
2472 1237 2562 1290 ut

693 1349 846 1414 haec
883 1364 921 1411 a
963 1360 1036 1410 se
1072 1341 1343 1411 invicem
1380 1343 1875 1430 distinguuntur.
1958 1342 2157 1428 Apud
2187 1343 2563 1423 Platonem,

685 1460 870 1546 quod
932 1458 1038 1526 cui
1116 1458 1288 1528 forte
1342 1461 1568 1527 mirum
1640 1459 1931 1528 acciderit
2001 1459 2521 1527 animadvertenti
2543 1506 2572 1544 ‚

688 1579 764 1662 ⁴in
813 1577 972 1646 ideis
1039 1595 1172 1645 non
1235 1593 1533 1645 censetur
1586 1599 1848 1659 verum,
1915 1590 1991 1642 ut
2042 1579 2325 1660 pulcrum
2347 1624 2374 1660 ,
2443 1577 2575 1643 bo-

695 1712 892 1776 num,
969 1688 1220 1760 similia.
1327 1691 1691 1760 Sexcenties
1772 1709 2195 1761 memorantur
2270 1701 2422 1768 αὐτὸ
2489 1701 2569 1768 τὸ

698 1818 883 1885 καλὸν
903 1858 928 1895 ,
987 1814 1140 1886 αὐτὸ
1211 1815 1284 1884 τὸ
1352 1816 1631 1896 drawn
1696 1829 2007 1894 nusquam
2074 1811 2347 1878 occurrit
2400 1818 2569 1888 αὐτὸ

700 1935 772 2002 τὸ
825 1932 1047 2010 ἄληθες
1074 1974 1100 2012 ,
1147 1927 1258 1995 sed
1299 1927 1596 1994 dicuntur
1659 1927 1762 1994 illa
1819 1927 2114 1996 universe
2155 1930 2299 2000 ὄντα
2316 1974 2340 2006 ‚
2386 1950 2569 2015 quac

689 2060 844 2124 ⁴sunt
888 2060 954 2112 et
996 2063 1126 2111 uno
1179 2042 1437 2111 nomine
1492 2050 1562 2117 τὸ
1608 2044 1709 2125 ὃν,
1752 2042 1830 2110 ἰιί
1861 2043 2029 2130 quod
2067 2059 2203 2126 est,
2247 2044 2295 2109 i.
2352 2062 2412 2109 e.
2453 2065 2569 2111 νε-

693 2182 840 2228 rum
877 2161 1292 2246 appellantur.
1379 2159 1636 2227 Etenim
1678 2161 2030 2227 communis
2069 2161 2352 2228 omnium
2389 2161 2572 2230 idea·

693 2298 836 2350 rum
889 2276 1068 2362 quasi
1114 2282 1302 2357 τύπος
1345 2292 1447 2345 est
1484 2277 1747 2344 veritasz
1805 2276 2131 2345 veritatem
2168 2278 2225 2346 si
2278 2279 2571 2364 cogitan-

699 2397 784 2464 do
825 2394 1197 2477 sustuleris,
1242 2397 1451 2462 nuilue
1490 2394 1932 2476 relinquuntur
1973 2394 2169 2462 ideae.
2237 2396 2573 2482 Quamob-

697 2534 836 2598 rem
876 2515 988 2598 qui
1039 2514 1328 2599 pulcrum
1391 2513 1597 2579 animo
1670 2511 1830 2579 vidit
1896 2511 2274 2597 aliquando,
2341 2512 2407 2580 id
2473 2515 2578 2583 vi-

695 2634 833 2715 dit,
880 2632 1058 2718 quod
1104 2651 1325 2699 verum
1382 2647 1525 2698 est:
1590 2630 1879 2712 idemque
1930 2650 2062 2714 quo
2122 2633 2368 2715 plenius
2426 2654 2578 2702 om-

703 2770 819 2820 nes
853 2750 1135 2834 percepit
1169 2749 1337 2817 ideas
1364 2796 1389 2832 ,
1456 2765 1536 2815 eo
1576 2747 1842 2831 propius
1884 2748 1962 2814 ad
2016 2750 2226 2818 omnis
2280 2752 2572 2820 veritatis

697 2868 1124 2951 cognitionem
1158 2865 1503 2930 accessisse
1536 2866 1854 2947 putandus
1882 2881 2001 2931 est.
2050 2868 2287 2933 Iccirco
2311 2916 2336 2951 ‚
2375 2889 2571 2951 quem

688 2983 911 3071 pulcri
965 2979 1232 3046 dicimus
1273 3001 1545 3046 amorem
1568 3028 1593 3063 ‚
1639 2983 1803 3048 haud
1858 2983 2091 3066 fingere
2122 3003 2260 3050 eum
2304 3003 2569 3069 oportet

699 3114 736 3161 a
779 3097 920 3162 veri
969 3114 1183 3161 amore
1226 3095 1540 3178 alienum3
1609 3099 1720 3163 sed
1780 3100 1966 3166 efficit
2018 3101 2171 3184 ille,
2215 3119 2287 3168 ut
2321 3119 2384 3168 et
2444 3104 2567 3171 bo-

698 3230 852 3282 num
895 3225 959 3279 et
986 3213 1232 3298 iustum
1263 3226 1326 3277 et
1369 3228 1652 3281 sanctum
1677 3262 1701 3295 ‚
1741 3218 2000 3283 omnino
2030 3236 2137 3299 ea,
2184 3238 2341 3301 quae
2380 3238 2565 3305 sunt,

699 3330 900 3418 ipsam
957 3329 1314 3414 veritatem,
1388 3332 1524 3416 pari
1571 3335 1782 3400 studio
1839 3353 1979 3402 cum
2035 3354 2288 3405 cernere
2328 3342 2567 3409 mentis

2418 3478 2580 3528 ocu·

774 3668 869 3739 (ι)
917 3668 1165 3723 Phaedro
1211 3667 1332 3723 250.
1366 3669 1456 3722 Cr.
1493 3686 1652 3737 supra
1687 3666 1816 3721 Vol.
1866 3670 1914 3724 1.
1955 3688 2012 3738 p.
2050 3689 2168 3742 ¹²9·
2206 3671 2453 3729 Platonis
2503 3677 2572 3729 de

702 3771 1009 3843 &apost-05
1041 3771 1344 3826 doctrinam
1393 3776 1541 3822 arcte
1588 3787 1704 3821 etse
1766 3787 1889 3822 cum
1950 3769 2199 3824 doctrina
2251 3772 2320 3824 de
2371 3773 2562 3841 pulcro

701 3876 1083 3943 conjunctam,
1163 3874 1325 3928 docte
1370 3879 1765 3941 accurateque,
1836 3879 1899 3924 ut
1949 3871 2131 3936 solet,
2200 3875 2562 3941 posteriorum

693 3972 824 4024 item
865 3971 1191 4036 eei-iptorum
1230 3971 1555 4024 anctoritate
1588 3971 1983 4025 demon-travit
2014 3971 2276 4026 Creuzer.
2304 3972 2368 4024 nd
2411 3971 2558 4027 piot.

697 4071 767 4126 de
805 4067 1072 4141 puleqp.
1112 4067 1207 4121 166
1249 4085 1370 4138 sqq·
1418 4069 1491 4124 N.
1528 4072 1663 4125 item
1704 4074 1827 4127 Aut·
1862 4073 1931 4130 ad
1972 4072 2203 4128 phaedr.
2228 4073 2347 4142 249.
2388 4073 2458 4127 C.
