2792 5167
1014 406 1399 470 -109-

370 570 474 635 Sic
541 563 865 651 Socrates,
930 569 1177 655 rejectis
1232 566 1559 634 vilioribus
1642 565 1970 647 quibusvis
2021 562 2120 628 di-

278 684 463 752 cendi
491 686 831 770 propositis
856 733 881 766 ,
925 686 990 751 id
1013 732 1038 766 ,
1097 685 1270 768 quod
1304 684 1370 750 in
1419 681 1778 764 eloquentia
1815 700 2115 748 summum

280 818 428 882 est,
490 818 556 869 et
602 804 925 888 distinguit
966 803 1049 868 ab
1098 802 1198 868 his
1241 801 1572 886 diligenter
1632 812 1696 864 et
1753 798 1940 863 unice
1990 800 2115 865 lau·

274 917 430 982 dat:
498 938 628 1003 quo
685 933 913 1003 sponte
956 920 1078 1005 jam
1137 917 1260 1004 ipsi
1318 917 1727 1003 intelligimus
1754 962 1779 998 ,
1863 925 1992 982 cur·
2045 916 2125 980 de

275 1035 562 1119 pristinis
621 1037 1099 1103 Atheniensium
1161 1035 1517 1102 oratoribus
1540 1083 1565 1117 ‚
1640 1036 1720 1101 de
1783 1034 1930 1118 ipso
1978 1033 2130 1098 adeo

266 1153 507 1219 Pericle
531 1200 557 1235 ,
598 1154 811 1220 minus
836 1155 1146 1236 praeclare
1176 1152 1565 1218 existimasse
1605 1150 1895 1216 videatur
1933 1150 2138 1215 Plato.

266 1270 665 1355 Huiusmodi
694 1317 719 1350 ‚
764 1270 852 1335 ait
875 1316 900 1349 ‚
922 1284 1132 1334 orator
1160 1289 1275 1334 nec
1303 1270 1489 1335 hodie
1523 1283 1621 1334 est
1643 1315 1666 1348 ‚
1709 1287 1823 1334 nec
1865 1285 2138 1348 unquam

264 1382 446 1466 fuit3
534 1385 771 1468 quodsi
852 1385 1097 1466 quaeris
1135 1432 1159 1466 ‚
1238 1386 1439 1469 qualis
1501 1381 1643 1467 sit,
1718 1403 1867 1469 age,
1927 1387 2136 1450 bonus

275 1499 430 1581 vir,
483 1500 727 1583 quique
768 1501 1008 1584 optimo
1063 1501 1329 1569 consilio
1402 1503 1596 1585 dicit,
1642 1521 1855 1569 nonne
1911 1501 2138 1585 procul

280 1618 511 1698 abest,
581 1633 652 1683 ut
690 1632 922 1686 temere
968 1622 1303 1703 loquatur,
1362 1620 1472 1687 sed
1532 1620 1767 1702 aliquid
1820 1619 2131 1703 respicit?

278 1734 509 1801 Prouti
569 1734 793 1800 caeteri
842 1734 1106 1801 artifices
1170 1754 1382 1802 omnes
1410 1783 1434 1817 ‚
1494 1737 1570 1801 ad
1609 1755 1793 1802 suum
1857 1735 2131 1817 quisque

283 1869 454 1936 opus
504 1850 913 1936 respicientes
936 1899 959 1932 ‚
1003 1870 1134 1917 non
1177 1867 1407 1919 temere
1439 1853 1719 1937 eligunt,
1768 1852 1941 1935 quod
1979 1870 2132 1935 ope·

277 1968 330 2034 ri
394 1987 517 2034 suo
570 1969 904 2035 adhibituri
958 1985 1153 2049 sunt,
1215 1970 1323 2036 sed
1383 1984 1460 2035 ut
1513 1969 1784 2053 speciem
1836 1966 2128 2035 formam·

285 2103 409 2167 que
462 2085 679 2152 habeat
735 2090 1051 2170 quamdam
1088 2087 1190 2169 id,
1241 2090 1413 2171 quod
1449 2088 1811 2170 elaborant,
1874 2088 2127 2155 enitun-

282 2216 417 2268 tur:
463 2204 702 2283 veluti,
759 2205 814 2269 si
851 2205 1128 2287 pictores
1172 2206 1287 2278 vis.
1307 2185 1626 2270 attendere
1643 2252 1667 2283 ‚
1702 2205 2078 2269 architectos
2101 2249 2129 2284 ‚

279 2321 532 2386 navium
607 2333 1073 2384 constructores
1100 2364 1125 2397 ,
1188 2336 1465 2384 caeteros
1529 2318 1798 2383 artifices
1867 2335 2079 2383 omnes
2104 2362 2130 2398 ‚

284 2435 500 2520 quivis
550 2453 765 2501 eorum
832 2433 899 2499 in
940 2433 1219 2499 ordinem
1275 2433 1558 2518 disponit
1619 2434 1906 2518 singula,
1973 2451 2136 2518 quae

283 2551 572 2638 disponit
599 2598 624 2632 ,
667 2552 966 2635 cogitque
1026 2551 1143 2615 alia
1179 2550 1316 2615 aliis
1374 2551 1675 2630 quadrare
1713 2557 1777 2615 et
1832 2570 2134 2635 congrue-

287 2689 400 2751 re,
447 2670 652 2734 donec
720 2680 924 2733 totum
985 2667 1302 2751 negotium
1364 2681 1510 2749 apte
1562 2665 1905 2732 ordinatum
1958 2685 2136 2734 exor-

288 2801 641 2867 natumque
713 2784 1090 2849 constiterit.
1215 2783 1286 2850 Id
1345 2799 1564 2850 omnes
1631 2782 1941 2865 artifices,
2022 2797 2133 2865 et,

288 2922 455 2986 quos
495 2900 686 2969 modo
724 2900 1031 2980 diximus,
1062 2917 1399 2983 puerorum
1441 2898 1801 2966 educatores
1836 2916 1900 2967 et
1939 2899 2130 2967 medi-2

284 3021 344 3086 ci
412 3031 610 3104 agunt
679 3034 987 3102 perpetuo
1023 3064 1047 3099 ‚
1127 3036 1356 3102 corpus
1427 3016 1672 3102 fingunt
1738 3037 1807 3084 ac
1866 3037 2127 3103 compo·

281 3152 484 3204 nunt:
532 3135 626 3202 sic
656 3151 864 3203 autem
897 3148 960 3200 et
1002 3135 1221 3200 domus
1257 3149 1321 3202 et
1355 3135 1528 3201 navis
1551 3151 1613 3201 et
1634 3155 1867 3229 corpus
1923 3138 2130 3202 homi·

283 3255 380 3319 nis
434 3269 508 3320 ut
555 3252 819 3320 formam
883 3251 1288 3334 habitumque
1343 3252 1636 3320 idoneum
1681 3253 1962 3333 accepit,
2023 3251 2136 3314 be-

294 3387 378 3435 ne
417 3369 770 3436 sehabebit.
807 3369 980 3452 Quid
998 3388 1151 3436 vero
1189 3369 1431 3434 animus
1475 3367 1748 3434 hominis
1772 3367 1805 3432 *ἓ
1851 3366 2137 3447 Corpus,

305 3488 481 3568 quod
520 3486 678 3552 bene
728 3504 798 3550 se
843 3486 1063 3567 babet,
1105 3508 1324 3552 sanum
1364 3498 1626 3551 vocatur
1686 3499 1750 3549 et
1792 3482 2132 3550 robustum.

296 3603 537 3671 Nonne
585 3601 667 3669 ita
728 3602 963 3669 animus
986 3652 1009 3685 ‚
1050 3604 1331 3669 ordinem
1376 3619 1794 3683 ornatumque
1832 3583 2131 3669 consecu-

292 3738 402 3790 tus
430 3769 456 3804 ,
524 3726 693 3808 νόμον
729 3722 878 3808 Iegis
940 3739 1215 3787 normam
1285 3718 1596 3784 obtinebit
1615 3765 1638 3798 ‚
1693 3718 1858 3784 unde
1909 3723 2132 3804 νόμιμοι

291 3839 595 3909 dicuntur
635 3854 698 3907 et
753 3842 1023 3923 κόσμιοιε
1071 3838 1136 3904 id
1197 3850 1403 3903 autem
1442 3850 1540 3902 est
1563 3836 1828 3920 justitia
1865 3853 1930 3906 et
1986 3854 2138 3906 tem-

279 3959 610 4049 perantia.
704 3955 851 4021 Huc
904 3954 1097 4042 igitur
1148 3952 1484 4039 respiciens
1523 3968 1744 4043 orator,
1789 3955 1900 4022 ille
1919 4003 1944 4038 ‚
2008 3971 2141 4025 arte

2047 4083 2149 4132 ln·
