2792 5167
157 684 309 752 dum
345 682 883 768 erudiendumque
918 683 1190 753 cenauit.
1292 681 1545 767 Operae
1577 681 1842 767 pretium
1884 699 2024 762 est,-

159 801 562 872 ciceroniani
621 802 875 886 operis,
933 804 1109 886 quod
1161 819 1364 868 mores
1412 799 1681 881 attinet,
1724 798 2022 868 rationem

155 920 375 1003 paullo
409 919 708 986 attentius
744 920 1164 988 considerare.
1227 917 1605 987 Communia
1643 919 1792 988 haec
1833 915 2026 984 inter·

156 1051 408 1117 pretum
428 1081 456 1120 ,
515 1056 552 1101 a
602 1033 938 1102 Veteribus
990 1038 1114 1120 jam
1176 1037 1457 1119 prolata,
1521 1033 1825 1103 sententia
1886 1050 1984 1101 cst
2000 1072 2034 1114 ‚-

160 1167 241 1219 ut
280 1152 464 1219 finxit
503 1154 937 1239 ordinavitque
975 1154 1286 1222 civitatem
1345 1155 1523 1222 Plato
1548 1202 1572 1237 ,
1631 1154 1717 1220 ita
1766 1152 2025 1222 Cicero-

158 1288 306 1336 nem
344 1273 768 1338 tantummodo
806 1292 931 1338 rem
976 1272 1292 1355 publicam
1329 1271 1672 1337 Romanam
1702 1317 1727 1351 ‚
1794 1270 2027 1354 quippe

163 1386 676 1472 perfectissimam
703 1434 729 1469 ‚
795 1388 1219 1455 adumbrasse.
1332 1387 1439 1455 Sic
1498 1386 1657 1454 enim
1712 1388 1833 1471 jam
1881 1386 2025 1452 Ma·

164 1502 429 1572 crobius
479 1502 574 1569 ad
615 1507 913 1572 somnium
957 1505 1256 1592 Scipionis
1316 1501 1383 1567 in
1423 1502 1565 1568 libri
1608 1503 1769 1568 sexti
1804 1501 2020 1569 exitu:

155 1623 334 1688 inter
390 1621 677 1688 Platonis
730 1637 790 1687 ct
851 1623 1161 1689 Ciceronis
1215 1618 1409 1687 libros
1422 1666 1447 1702 ,
1511 1639 1657 1706 quos
1695 1618 1771 1685 de
1802 1640 1873 1685 re
1904 1637 2025 1707 pu-

156 1736 326 1803 blica
383 1754 722 1825 utrumque
771 1741 1155 1806 constituisse
1211 1752 1456 1820 constat
1480 1784 1504 1819 ,
1569 1738 1680 1804 hoc
1729 1740 2023 1803 interesse

158 1856 383 1941 prima
418 1856 646 1940 fronte
675 1857 1095 1944 perspeximus
1110 1891 1142 1936 ·‚
1200 1853 1368 1943 quod
1393 1853 1505 1919 illc
1549 1873 1678 1920 rem
1708 1852 2024 1941 publicam

169 1968 489 2038 ordinavit
502 2017 528 2048 ,
591 1972 692 2040 bie:
747 1973 967 2039 rosulis
987 1993 1017 2040 ‚⁶
1076 1972 1249 2038 alter
1267 2019 1293 2052 ,
1334 1971 1545 2061 quaEs
1582 1992 1705 2037 esse
1734 1969 1978 2036 deberet
2000 2016 2025 2049 ,

169 2086 369 2170 altar,
394 2087 600 2174 qualis
626 2103 777 2155 essct
806 2109 851 2154 a
873 2088 1213 2173 majoribus
1238 2092 1539 2156 instituta
1553 2134 1576 2164 ‚
1600 2086 1894 2153 disseruit
1914 2084 2026 2155 (¹).

169 2202 303 2270 Cui
365 2203 649 2288 opinioni
709 2223 917 2273 ansam
970 2205 1219 2273 dedisse
1277 2207 1414 2290 ipse
1467 2204 1696 2273 Cicero
1736 2205 2035 2285 videtur,

168 2339 368 2404 quum
415 2321 768 2404 Scipionem
807 2323 1115 2390 dicentem
1148 2322 1418 2403 faceret,
1464 2319 1713 2388 facilius
1761 2339 1831 2388 se
1886 2339 2033 2403 pro·

171 2437 455 2521 positum
513 2455 1047 2519 consecuturum,
1117 2439 1173 2505 si
1237 2460 1365 2506 rem
1425 2440 1733 2523 publicam
1800 2438 2032 2504 Roma·

171 2573 313 2622 nam
370 2594 458 2609 —
512 2558 938 2639 ostendisset,
1010 2576 1194 2640 quam
1252 2557 1307 2620 si
1365 2556 1682 2638 aliquam,
1741 2569 1813 2619 ut
1871 2554 2035 2636 apud

167 2672 495 2738 Platonem
544 2674 834 2740 Socrates
863 2721 888 2754 ,
939 2673 1077 2757 ipse
1128 2673 1440 2740 finxisset.
1525 2671 1786 2738 Tubero
1830 2689 1981 2738 vero
2008 2717 2035 2750 ,

163 2792 336 2873 apud
382 2788 712 2870 eumdem,
775 2788 1099 2872 Scipioni,
1163 2805 1503 2874 postquam
1573 2789 1634 2860 is,
1692 2789 2032 2858 Romanam

170 2928 301 2974 rem
353 2907 663 2990 publicam
725 2907 1236 2988 adumbraverat,
1304 2910 1451 2974 haec
1509 2906 1702 2974 dicit:
1771 2906 2037 2974 Lauda-

166 3027 328 3093 vIssa
375 3026 536 3090 mihi
583 3021 815 3092 videris
854 3039 1132 3092 nostram
1176 3046 1311 3091 rem
1346 3025 1661 3114 pubIIcam
1681 3071 1706 3107 ‚
1771 3045 1914 3091 cum
1957 3046 2038 3091 ea·

168 3155 238 3207 te
263 3162 385 3207 nou
413 3138 493 3206 de
524 3141 751 3207 nostra
769 3189 793 3219 ,
834 3140 948 3209 sed
979 3143 1054 3208 de
1096 3149 1262 3210 omni
1302 3164 1375 3210 re
1402 3144 1655 3232 publiea
1682 3148 2040 3232 quaesiisset

174 3256 463 3324 Laelius.
541 3257 682 3323 Nec
717 3273 928 3324 tamen
963 3257 1158 3325 dielici
1204 3281 1283 3326 ca·
1322 3264 1606 3326 oratione
1647 3259 1810 3338 tud,
1850 3264 2038 3322 issam

170 3378 375 3461 ipsam
416 3394 547 3439 rem
586 3373 930 3461 publicam,
972 3395 1161 3462 quam
1181 3356 1450 3457 laudas,
1490 3376 1627 3462 qud
1664 3374 2001 3459 discipline!
2014 3420 2040 3451 ,

175 3490 400 3578 qulbus
453 3490 726 3556 moribus
760 3506 880 3557 aut
927 3493 1160 3577 legibus
1175 3537 1201 3572 ,
1258 3496 1632 3560 constituere
1675 3493 1778 3557 vel
1802 3510 2045 3556 comcs·-

175 3625 336 3676 varo
362 3611 660 3695 possimus
685 3605 800 3675 (ὃ).
880 3609 1062 3694 Quae
1102 3626 1241 3673 cum
1287 3608 1549 3672 dixisset
1590 3605 1652 3674 T
1660 3605 1894 3688 ubero,
1937 3607 2045 3673 hic

176 3720 519 3791 Africanus
543 3770 568 3804 ,
608 3739 758 3812 pato
792 3773 816 3809 .‚
854 3727 1097 3810 inquit,
1164 3724 1331 3790 nobis
1369 3744 1510 3789 mox
1541 3721 1615 3787 dc
1651 3723 2047 3790 instituendis

177 3857 242 3908 et
277 3840 709 3909 conservandis
746 3841 1111 3908 civitatibus
1150 3846 1455 3929 aptiorem
1484 3887 1509 3923 ‚
1574 3840 1810 3908 Tubero
1827 3889 1850 3921 ‚
1893 3842 2047 3926 sora

1921 3961 2048 4022 ‹iis-

256 4091 338 4165 (1)
375 4089 712 4148 memb-ed
740 4093 928 4147 Romu.
970 4093 1062 4146 sc.
1085 4088 1135 4145 1.
1159 4106 1208 4145 ι.
1295 4091 1378 4165 (a)
1418 4091 1538 4148 cic.
1587 4093 1657 4146 de
1677 4095 1819 4164 Περ.
1860 4092 1939 4147 11.
1964 4093 2047 4148 38.

1062 4190 1092 4259 1
1137 4214 1175 4258 a.
