2792 5167
1008 468 1354 533 -97-
1464 559 1481 576 .

228 629 475 718 pecto?
516 661 613 683 -
651 627 956 717 Quisnam
1000 631 1080 695 ad
1115 628 1287 696 aliud
1333 629 1672 714 quidquam
1723 630 2103 715 respiciens,

233 748 549 817 civitatem
601 749 699 812 vel
760 746 1036 830 ignavam
1094 750 1194 813 vel
1246 743 1473 813 fortem
1533 748 1814 814 nominet
1838 797 1861 830 ,
1918 769 2102 832 quam

234 866 467 931 adeam
490 877 726 947 partem
751 909 776 943 ,
823 881 985 946 quae
1017 882 1136 948 pro
1168 865 1306 946 ipsa
1335 881 1571 948 pugnat
1597 886 1666 932 ac
1703 867 1970 934 militat?
2008 899 2100 919 -

237 979 477 1047 Nullus
512 995 677 1046 certe
709 979 788 1046 ad
813 978 1019 1046 aliam.
1063 1016 1150 1033 -
1230 981 1383 1048 Non
1423 982 1586 1048 enim
1627 983 1848 1048 caeteri
1883 983 1946 1048 in
1986 983 2094 1051 ilia

242 1097 345 1163 elii
370 1143 394 1178 ,
434 1116 575 1163 cum
612 1098 717 1161 vel
753 1096 956 1179 ignavi
994 1098 1094 1161 vel
1134 1095 1330 1164 fortes
1373 1097 1542 1179 sint,
1587 1100 1646 1162 vi
1685 1103 1801 1166 sua
1836 1098 2098 1166 efficient

242 1226 322 1279 ut·
359 1214 575 1297 ignava
619 1216 718 1281 vel
770 1211 956 1280 fortis
1014 1216 1124 1281 si't.
1163 1252 1251 1270 -
1328 1216 1484 1282 Non
1524 1234 1694 1282 sane.
1736 1251 1827 1268 —-
1889 1215 2096 1282 Fortis
2178 1268 2192 1281 .
2260 1200 2276 1218 ⁴

239 1328 433 1412 igitur
484 1346 657 1414 parte
706 1331 805 1397 sui
846 1329 1066 1397 civitas
1110 1331 1270 1411 erit,
1330 1324 1507 1413 quod
1548 1332 1612 1397 in
1652 1336 1724 1398 ea
1768 1331 1892 1397 vim
1929 1334 2096 1414 ejus·

238 1446 407 1512 modi
447 1446 677 1529 habet,
711 1467 868 1530 quae
905 1462 1213 1532 perpetuo
1253 1465 1458 1514 servat
1501 1450 1578 1514 de
1617 1448 1806 1514 rebus
1849 1433 2100 1514 terribi·'

229 1541 398 1630 libus
461 1564 862 1649 opinionem,
938 1567 1074 1630 illas
1137 1582 1240 1630 eas
1294 1583 1433 1630 esse
1489 1580 1549 1630 et
1596 1567 1784 1645 tales,
1833 1584 1988 1647 quas
2028 1581 2094 1630 et

232 1684 447 1766 quales
504 1683 568 1748 in
628 1680 1027 1748 institutione
1086 1681 1403 1765 legislator
1448 1681 1813 1748 constituit:
1881 1698 2091 1748 nonne

229 1798 387 1863 hanc
406 1797 836 1866 fortitudinem
859 1816 1046 1864 vocas
1063 1798 1094 1863 2
1113 1834 1203 1850 —
1245 1797 1399 1863 Non
1420 1778 1605 1879 satiS‚
1643 1798 1814 1879 quod
1834 1798 2046 1864 dixisti
2061 1846 2084 1875 ‚

226 1916 522 1998 percepi:
566 1915 664 1982 die
702 1916 951 1981 iterum.
995 1950 1093 1969 --
1166 1914 1728 1982 conservationem
1781 1915 2084 1997 quandam

220 2030 658 2098 fortitudinem
681 2050 820 2097 esse
840 2031 1007 2098 dico.
1030 2066 1124 2082 -
1164 2030 1366 2115 Quam
1394 2031 1926 2094 conservationem
1944 2028 1976 2093 *ἲ
1992 2063 2085 2082 -

172 2185 183 2194 ·
223 2146 569 2230 opinionis
609 2146 939 2227 videlicet,
988 2150 1125 2231 lege
1174 2166 1283 2230 per
1335 2132 1761 2210 educationem
1817 2163 2085 2226 concep·

220 2272 372 2343 tae,
431 2282 551 2344 qua
592 2266 944 2349 judicatur,
1004 2283 1164 2345 quae
1213 2259 1510 2326 terribilia
1562 2260 1794 2326 sint-et
1847 2259 2082 2341 qualia.

218 2381 295 2448 In
347 2365 641 2447 omnibus
689 2396 888 2446 autem
943 2401 1072 2446 eam
1124 2378 1662 2446 conservationem
1717 2397 1855 2440 esse
1899 2375 2076 2455 dixi,

218 2471 293 2562 ut
332 2511 458 2563 rata
503 2515 745 2580 semper
778 2513 841 2584 et
887 2497 1121 2577 ubique
1163 2510 1490 2571 servetur,
1544 2493 1678 2557 sive
1717 2493 1860 2573 quis
1900 2492 2079 2556 dolo·
2157 2501 2164 2514 ⁸

215 2613 394 2679 ribus
435 2632 547 2679 seu
592 2611 1025 2696 voluptatibus
1076 2626 1182 2675 aut
1234 2608 1688 2691 cupiditatibus
1735 2623 1842 2671 aut
1892 2605 2080 2673 timo·

214 2731 390 2796 ribus
446 2729 783 2807 afficiatur,
828 2747 940 2793 nec
996 2727 1126 2792 ullo
1176 2741 1360 2807 pacto
1418 2722 1562 2804 quis
1620 2737 1879 2807 propter
1924 2723 2074 2790 haec

216 2846 295 2912 ab
337 2865 405 2912 ea
446 2847 864 2912 dimoveatur.
901 2846 985 2912 (¹)
1090 2861 1103 2870 ·

198 3035 205 3044 ,
294 2965 367 3031 Id
400 2980 602 3030 autem
643 2980 712 3028 ut
748 2978 912 3027 recte
944 2963 1357 3043 intelligatur,
1402 2961 1717 3026 Socratem
1751 2960 1855 3026 hic
1895 2960 2072 3025 Plato

214 3081 449 3148 inducit
490 3079 712 3146 eximia
753 3079 1011 3160 quadam
1054 3073 1364 3161 longeque
1402 3076 1884 3142 celebratissima
1926 3075 2075 3141 ima·

214 3199 359 3281 gine
394 3213 693 3262 utentem.
783 3196 910 3263 Cui
969 3212 1172 3260 autem
1225 3194 1429 3260 simile
1478 3193 1543 3257 id
1593 3213 1729 3259 esse
1769 3192 2116 3272 arbitrer‚’

213 3313 269 3378 si
330 3313 471 3386 vis,
516 3314 628 3378 tibi
673 3313 969 3395 aperiam.
1014 3347 1105 3363 —
1160 3310 1374 3393 Cupio
1424 3311 1738 3391 equidem.
1780 3344 1869 3359 —
1927 3310 2074 3373 Ful-

213 3435 437 3508 Ιοηεε,
490 3432 768 3508 novisti,
831 3429 939 3495 ubi
983 3428 1219 3513 tingere
1274 3427 1501 3493 volunt
1546 3429 1754 3505 lanas,
1818 3438 1889 3488 ut
1947 3422 2077 3489 sint

216 3567 600 3633 purpureae,
643 3539 910 3630 primum
946 3548 1219 3630 eligunt,
1266 3562 1428 3625 quae
1465 3544 1685 3606 natura
1724 3538 1846 3603 sint
1888 3555 2071 3619 quam

188 3665 474 3731 ,maxime
530 3666 741 3731 albae:
855 3663 1074 3728 deinde
1140 3674 1505 3745 praeparant
1562 3671 1664 3721 eas
1721 3655 1884 3720 haud
1949 3673 2079 3719 me·

134 3837 143 3854 .
206 3782 408 3849 diocri
461 3781 673 3856 studio
733 3796 794 3846 et
851 3799 1080 3862 opera,
1155 3792 1225 3843 ut
1272 3760 1469 3860 ipsum
1529 3774 1820 3874 deinceps
1876 3769 2076 3835 susci·

674 3899 685 3912 .
1966 3908 2072 3972 pe·

275 4049 358 4116 (ι)
398 4048 484 4098 De
520 4049 659 4114 Rep.
697 4044 801 4097 lv.
837 4046 957 4114 629·
1000 4047 1067 4096 A.
1091 4069 1145 4082 -
1174 4042 1252 4095 D.

1110 4143 1173 4207 G
