2792 5167
1017 480 1110 500 -
1158 460 1277 527 125
1315 474 1420 500 -·

275 631 424 697 dum
446 675 472 712 ‚
514 631 710 712 longa
762 625 1042 694 oratione
1075 626 1399 695 definitur.
1459 634 1534 698 Ἢ
1568 632 1692 714 γὰρ
1728 630 1873 699 ἄνευ
1910 630 2129 712 λόγου.

277 750 453 831 δόξης
496 750 596 816 ἐπὶ
630 751 699 816 τὸ
728 749 879 830 ὀρθὸν
905 746 1166 829 ὁρμώσης
1215 748 1578 830 κρατήσασα
1625 749 1905 831 ἐπιθυμία
1922 792 1967 827 ,.
1990 751 2148 831 πρὸς·

279 867 487 943 ἡδονὴν
530 866 788 947 ἀχθεῖσα
833 864 1097 940 κάλλους
1116 909 1141 944 ,
1182 865 1285 931 καὶ
1323 867 1438 933 ὑπὸ
1469 862 1551 935 αὖ
1582 871 1696 933 τῶν
1735 868 1946 941 ἑαυτῆς
1981 888 2135 945 ⁶⁹7⁸·

285 990 469 1063 γενῶν
539 983 852 1062 ἐπιθυμιῶν
915 980 1017 1049 ἐπὶ
1091 981 1389 1061 σωμάτων
1463 983 1695 1058 κάλλος
1711 1031 1732 1059 ,
1817 983 2136 1067 &limatum

276 1101 557 1183 ῥωσθεῖσα
578 1147 599 1175 ,
681 1100 981 1175 νικήσασα
1031 1100 1256 1179 ἀγωγὴ
1269 1143 1296 1178 ,
1359 1096 1481 1168 ἀπ’
1524 1104 1717 1175 αὖε-ἥς
1780 1106 1891 1179 τῆς
1947 1098 2145 1184 ῥύμης

274 1217 616 1298 ἐπωνυμίαν
654 1217 939 1297 λαβοῦσα
960 1261 982 1290 ,
1045 1215 1180 1300 ἔρως
1230 1217 1449 1296 ἐκλήθη
1486 1209 1574 1284 ω.
1663 1211 1819 1278 Non
1876 1225 1978 1279 est
2033 1212 2099 1279 id
2116 1258 2146 1295 ,

272 1329 523 1412 inquam
550 1375 575 1410 ‚
619 1329 1044 1415 spernendum
1068 1376 1094 1411 ‚
1138 1330 1557 1397 necessarium
1611 1330 1767 1396 adeo
1807 1327 2141 1415 negotium

268 1444 396 1541 est.
499 1447 669 1514 Nam
718 1465 805 1512 ne
842 1460 1080 1512 temere
1127 1443 1195 1509 in
1245 1443 1626 1527 disputando
1676 1458 1944 1530 vagetur
1998 1463 2146 1511 ora·

278 1563 372 1630 tio
391 1609 419 1646 ,
501 1562 572 1627 id
618 1562 893 1645 primum
949 1560 1257 1646 agendum
1310 1560 1781 1646 disputantibus
1844 1574 1943 1627 est
1962 1607 1988 1642 ‚
2071 1575 2150 1626 ut

278 1680 364 1748 de
414 1679 746 1749 nominum
806 1677 1273 1761 verborumque
1345 1677 1656 1746 sententia
1713 1692 1778 1745 et
1840 1675 2156 1763 significa-

280 1797 461 1863 tione
525 1796 692 1864 inter
765 1794 948 1880 ipsos
1006 1794 1371 1863 conveniat:
1460 1795 1862 1878 caeteroquin
1928 1795 2147 1863 iisdem

281 1912 388 1981 usi
429 1913 795 1981 nominibus
819 1959 845 1995 ‚
927 1912 1025 1980 dc·
1054 1911 1319 1979 diversis
1389 1911 1582 1980 rebus
1642 1929 1827 2000 agant
1887 1930 2152 1981 necesse

274 2044 377 2098 est
393 2076 420 2113 ‚
463 2048 580 2098 nec
630 2046 774 2099 esse
821 2029 1061 2113 poterit
1114 2030 1464 2114 probabilis
1505 2031 1739 2114 aliquis
1775 2032 1978 2097 totius
2022 2032 2154 2100 ὢν

277 2148 625 2233 putationis
664 2147 897 2216 exitus.
983 2146 1228 2213 Verum
1248 2194 1275 2228 ‚
1338 2145 1630 2228 quamvis
1690 2145 1760 2210 id
1795 2146 1862 2211 in
1905 2147 2159 2230 discepr

266 2250 477 2332 ‘tando
532 2264 692 2330 utile
712 2309 738 2346 ‚
808 2262 939 2329 imo
981 2262 1407 2330 necessarium
1466 2260 1550 2329 sit
1580 2309 1604 2344 ,
1669 2262 2015 2328 cavendum
2066 2277 2158 2330 ta-

280 2400 472 2465 men,
535 2399 620 2453 ue
660 2381 764 2449 his
821 2379 1301 2453 definitionibus
1366 2379 1743 2447 arbitremur
1803 2378 2007 2475 ipsam
2059 2382 2170 2447 ro·-

282 2517 421 2565 rum
473 2512 779 2566 natue-am
839 2497 1140 2584 explicari
1197 2499 1377 2566 satis.
1483 2498 1556 2565 Id
1598 2518 1741 2567 cum
1789 2496 2157 2566 arbitraren-

283 2630 391 2681 tur
440 2629 568 2680 tam
610 2613 905 2695 antiquae
926 2659 951 2696 ,
996 2632 1183 2699 quam
1241 2614 1607 2680 recentioris
1668 2615 1884 2681 aetatis
1941 2615 2154 2700 philo-

278 2729 479 2815 sophi
515 2731 703 2797 multi
725 2776 754 2812 ‚
819 2730 1058 2817 scripta
1122 2730 1394 2799 subinde
1448 2731 1771 2801 ediderunt
1815 2735 2151 2800 verborum

289 2846 564 2929 referta,
607 2836 798 2913 rebus*
838 2848 1184 2931 destinrta3
1228 2863 1383 2931 aut,
1427 2847 1486 2915 si
1536 2850 1640 2915 vel
1691 2847 1952 2919 maxime
2001 2867 2156 2935 syn-

286 2963 527 3032 thetica
579 2964 826 3031 ratione
883 2964 1249 3034 definientes
1273 3014 1299 3049 ‚
1383 2984 1483 3034 res
1547 2967 1714 3048 ipsas
1780 2969 2144 3036 nominibus

286 3082 606 3167 explicare
649 3097 1024 3149 conarentur
1045 3130 1069 3165 ,
1116 3098 1237 3148 tam
1291 3084 1542 3169 jejunae
1592 3083 1738 3150 inde
1792 3099 1972 3151 natae
2023 3083 2164 3148 dis--

280 3201 656 3269 sei-tationes
724 3214 877 3265 sunt
898 3247 923 3282 ‚
1007 3213 1080 3267 ut
1155 3200 1490 3266 obscurare
1545 3201 1741 3283 magis
1808 3199 2150 3285 legentium

286 3318 527 3402 ingenia
543 3365 569 3399 ‚
659 3335 845 3400 quam
913 3317 1220 3400 explicare
1274 3331 1339 3380 et
1393 3313 1734 3382 iilustrare·
1762 3290 2145 3383 viderentur.

290 3432 443 3498 Non
497 3435 584 3501 ita
627 3433 809 3500 Plato
832 3480 858 3514 ‚
920 3447 997 3497 ut
1047 3450 1124 3499 ex
1178 3433 1290 3498 hac
1349 3431 1493 3514 ipsa
1544 3432 1624 3497 de
1678 3429 1967 3513 sophista
2024 3429 2167 3494 dia·.

292 3546 636 3631 quisitione
671 3548 1058 3634 intelligitur.
1146 3547 1542 3615 Definiturus
1580 3548 1750 3632 apud
1790 3565 1936 3613 eum
1973 3543 2154 3636 Elea-

288 3678 430 3745 tes,
477 3663 619 3744 quis
676 3665 757 3729 sit
813 3665 1149 3749 sophista,
1195 3682 1323 3731 non
1369 3666 1562 3749 longa
1615 3681 1771 3728 usus
1813 3662 2145 3735 verborum

288 3778 459 3851 serie
477 3827 504 3863 ,
550 3780 733 3849 verba
786 3782 992 3849 verbis
1047 3781 1354 3849 declarare
1389 3780 1614 3848 nititur
1635 3822 1658 3860 ‚
1704 3779 1815 3848 sed
1873 3781 1948 3848 ad
2005 3804 2044 3849 r
2063 3805 2096 3850 e
2115 3807 2143 3852 s

1989 3919 2142 3969 cone

363 4032 441 4101 (ι)
482 4029 709 4099 Phi-ds.
740 4035 873 4088 258.-
897 4032 957 4089 B.
993 4032 1061 4085 C.
