2792 5167
1398 516 1794 595 ...156-

666 680 1121 778 igit'ur‘locum
1187 703 1335 773 quis
1386 694 1585 779 legit,
1651 694 1813 778 quin
1851 669 2103 776 videat,
2167 686 2320 779 quid
2381 698 2537 766 illud

664 813 751 881 sit
806 813 983 896 quod
1037 810 1307 877 diximus
1333 855 1358 890 ,
1416 810 1747 877 dicendum
1813 830 1943 879 non
2004 831 2144 879 esse
2203 830 2276 881 ut
2317 810 2541 882 scribi-

660 949 770 998 tur
794 979 820 1013 ‚
886 930 999 996 sed
1048 927 1447 996 scribendum
1496 944 1567 994 ut
1621 929 1800 1013 loqui
1857 933 2179 1013 solemus,
2236 927 2540 1001 fateatur-⁶

662 1068 795 1132 que
850 1045 1010 1114 idem
1034 1096 1057 1128 ‚
1104 1047 1373 1132 haeai-te
1412 1051 1653 1114 summa
1685 1047 2054 1114 excelluisse
2080 1049 2362 1117 omnium
2404 1071 2533 1118 ma·

658 1170 827 1237 xime
872 1167 1365 1235 Demosthenem
1386 1212 1413 1249 ,
1457 1183 1717 1248 eamque
1741 1164 1984 1231 Platoni
2015 1166 2311 1235 debuisse
2340 1187 2534 1254 prae.

656 1285 901 1372 cipue?

740 1404 919 1472 Hanc
971 1402 1101 1469 vim
1128 1405 1355 1489 forma
1414 1398 1644 1485 dialogi
1697 1399 1996 1466 Platonici
2050 1399 2115 1466 in
2176 1400 2520 1484 scriptores

652 1536 1114 1605 oratoresque,
1159 1518 1224 1585 in
1260 1516 1601 1603 principem
1634 1518 1788 1584 adeo
1822 1533 2139 1583 oratorum
2190 1520 2470 1587 omnium
2494 1566 2521 1602 ,
2593 1564 2602 1572 ·

652 1639 918 1720 habuit3
986 1637 1099 1704 sed
1156 1636 1355 1720 ipsam
1429 1635 1530 1701 hic
1606 1639 1746 1702 vert·
1788 1637 2236 1725 philosophiam
2278 1655 2529 1721 specta-

649 1763 842 1833 mus,
928 1773 1112 1836 quam
1175 1753 1353 1819 Plato
1418 1750 1621 1818 forma
1680 1752 1783 1818 ills
1843 1753 2158 1834 maxime,
2244 1774 2364 1821 suo
2408 1755 2516 1821 illo

648 1872 905 1957 ipsique
957 1871 1215 1956 proprio
1297 1869 1612 1937 scribendi
1671 1887 1897 1956 genere
1958 1872 2293 1955 expressit.
2415 1875 2520 1940 In·-

646 1989 896 2055 finitum
957 1989 1040 2053 sit
1105 1991 1574 2069 demonstrare,
1660 2003 1966 2069 quantum
2023 2008 2100 2054 ex
2161 1989 2280 2054 hoc
2334 1987 2516 2056 fonte

644 2105 1015 2184 hauserint,
1076 2093 1465 2187 quicumque
1507 2118 1658 2187 post
1702 2124 1844 2171 eum
1904 2105 2182 2190 dialogos
2242 2105 2514 2191 scripse-

640 2238 817 2289 runt.
908 2221 1036 2287 Sed
1068 2222 1175 2287 hic
1213 2221 1390 2304 juvat
1435 2219 1705 2299 iterum,
1750 2236 1823 2286 ut
1881 2241 2006 2288 rem
2061 2242 2186 2289 uno
2219 2225 2508 2308 exemplo

644 2339 1030 2406 declaremus
1056 2386 1080 2418 ,
1154 2337 1421 2405 Luciani
1483 2355 1823 2404 memorare
1895 2340 2176 2426 dialogos
2228 2349 2508 2407 mortuo*-

641 2478 805 2526 rum.
938 2455 1272 2523 Comicum
1341 2454 1449 2521 ille
1519 2456 1706 2523 simul
1766 2462 2011 2539 poetam
2090 2471 2156 2524 et
2224 2458 2522 2542 philoso··

638 2577 833 2662 phuni
894 2573 1179 2641 Stoicum
1221 2574 1459 2659 egerit,
1543 2587 1608 2640 et
1672 2573 2162 2659 Aristophanem
2209 2574 2505 2658 imitans,

622 2689 847 2780 'ipsum
912 2696 1228 2762 Socratem
1257 2741 1282 2774 ,
1324 2693 1606 2760 virorum
1667 2692 2193 2786 sapientissimum
2222 2743 2245 2776 ,
2289 2708 2361 2762 ut
2405 2713 2510 2760 so-

631 2813 905 2897 phistam
968 2812 1156 2878 nobis
1213 2811 1484 2892 aliquem
1539 2810 1948 2894 proposuerit
1989 2809 2105 2891 (¹),
2169 2810 2327 2876 illud
2392 2810 2510 2877 sos

627 2929 895 2995 craticae
948 2946 1079 2993 non
1136 2927 1394 3008 minus,
1455 2948 1636 3009 quam
1704 2928 1951 2994 Stoicae
2007 2927 2497 3012 philosophiae,

630 3043 995 3129 praesertim
1035 3061 1189 3109 vero
1224 3044 1564 3111 Platonicis
1601 3044 1863 3128 dialogis
1910 3045 2175 3127 debuit,
2221 3061 2291 3112 ut
2325 3065 2503 3112 mor·

628 3179 883 3228 tuorum
940 3162 1107 3243 hos,
1153 3181 1316 3244 quos
1358 3163 1662 3245 serpsit,
1703 3162 1983 3248 dialogos
2029 3177 2202 3227 tanto
2244 3179 2496 3247 semper

626 3281 841 3350 studio
892 3282 1154 3367 legerint
1202 3280 1596 3365 philosophi.
1685 3279 1848 3345 Hinc
1881 3279 2044 3345 enim
2082 3278 2148 3343 in
2188 3278 2315 3345 illis
2359 3300 2500 3365 gra·

623 3420 737 3468 ves
794 3400 934 3467 illae
994 3399 1073 3465 de
1137 3416 1341 3463 rerum
1416 3399 1820 3463 humanarum
1891 3395 2166 3463 vanitate
2242 3412 2497 3466 senten·

610 3509 784 3585 'tiaet
836 3535 969 3583 tum
1035 3534 1190 3582 vero
1253 3519 1316 3600 pl
1340 3516 1549 3582 :citum
1612 3516 1817 3598 ipsum
1842 3549 1886 3596 ,·
1915 3518 2086 3598 quod
2137 3516 2494 3584 dominatur

622 3636 688 3700 in
738 3635 915 3718 illis,
978 3635 1045 3700 in
1097 3632 1314 3700 inferis
1365 3651 1509 3700 esse
1562 3634 1997 3717 aequalitatem
2050 3634 2327 3701 omnium
2379 3636 2495 3700 ho·

618 3751 902 3834 minum,
946 3753 1140 3818 unius
1194 3750 1450 3819 virtutis
1508 3751 1805 3818 rationem
1872 3752 2130 3835 haberi,
2199 3753 2343 3837 quis
2398 3767 2497 3820 est

618 3884 804 3956 quem
860 3869 1044 3934 lateat
1068 3915 1092 3950 ,
1137 3888 1175 3936 e
1229 3868 1471 3954 Gorgia
1533 3869 1686 3936 illud
1736 3869 2014 3937 Platonis
2041 3917 2065 3952 ,
2113 3889 2299 3956 quem
2355 3889 2493 3937 mo·

610 3977 621 3988 '
2405 3989 2491 4056 do

690 4159 774 4230 (ι)
812 4149 1036 4216 Lucina.
1070 4157 1224 4215 mu.
1255 4167 1423 4215 mort.
1459 4160 1575 4214 xx
1611 4168 1666 4217 et
1702 4161 1869 4218 xxr.
1889 4152 1961 4235 Q.
1991 4149 2092 4234 -415
2125 4167 2179 4217 ιτ
2209 4157 2334 4218 42¹0.
