2792 5167
1465 523 1860 571 ...102—

730 684 1190 772 philosophiam
1242 681 1569 748 invehitur
1588 729 1612 763 ‚
1701 697 1772 748 ut
1831 699 1958 749 rem
2032 681 2244 749 u'tilem
2322 682 2535 767 pueris
2555 727 2579 761 ‚

729 804 843 871 sed
903 800 1059 868 viris
1121 799 1232 883 qui
1300 817 1401 864 res
1480 797 1678 867 acturi
1750 797 1816 864 in
1875 797 2120 865 civitate
2191 799 2588 883 gravissimas

732 932 933 997 eunt,
982 935 1126 983 cum
1186 914 1464 983 inutilem
1519 934 1780 998 prorsus
1826 929 1960 981 tum
2005 916 2378 984 indecoram.
2466 915 2598 981 Ve-

736 1050 925 1100 nusta
993 1050 1092 1100 res
1152 1030 1555 1116 philosophia
1608 1045 1747 1111 est,
1833 1050 1874 1096 o
1938 1031 2269 1114 Soa-ates,
2331 1031 2474 1112 ait,
2542 1029 2600 1097 si

743 1150 891 1234 quis
924 1168 1055 1217 eam
1091 1148 1333 1215 modice
1363 1146 1429 1212 in
1461 1147 1593 1231 ipsa
1634 1146 2044 1214 adolescentia
2075 1162 2335 1229 tractat3
2384 1148 2601 1227 quod-
2707 1167 2730 1180 ⁶

742 1263 801 1332 si
853 1263 1086 1330 diutius
1142 1263 1207 1328 in
1262 1281 1379 1341 ea,
1465 1282 1651 1343 quam
1720 1280 1976 1329 necesse
2030 1279 2162 1345 est,
2254 1277 2544 1330 versatur
2567 1251 2606 1344 ,⁵

744 1379 1067 1447 hominum
1126 1393 1226 1446 est
1277 1377 1582 1463 pernicies
1624 1378 1716 1447 (¹³.
1801 1379 1966 1445 Nam
2011 1380 2289 1462 quamvis
2328 1379 2408 1446 ‘sit
2451 1365 2599 1460 quis

747 1498 921 1564 bono
983 1498 1204 1563 natura
1260 1495 1515 1582 ingenio
1590 1496 1956 1580 praeditus,
2039 1512 2290 1578 tamen,
2367 1496 2424 1563 si
2485 1513 2603 1580 per

746 1612 1200 1696 provectiorem
1258 1611 1444 1677 etiam
1497 1625 1756 1679 aetatem
1818 1613 2304 1697 philosophatur
2327 1660 2349 1693 ‚
2387 1629 2609 1679 neces·

742 1729 908 1795 sario
964 1728 1239 1794 omnium
1294 1746 1499 1794 rerum
1551 1727 1855 1812 inperitus
1923 1728 2034 1795 fiet
2055 1776 2082 1810 ‚
2126 1747 2389 1813 quarum
2442 1726 2610 1813 peri-

746 1860 882 1912 tum
924 1862 1067 1912 esse
1123 1859 1379 1928 oportet
1417 1844 1661 1928 virum,
1705 1846 1816 1928 qui
1867 1846 2149 1913 moribus
2201 1847 2514 1913 honestus
2548 1858 2612 1911 et

746 1949 949 2028 clarus
996 1962 1060 2026 in
1107 1961 1359 2028 civitate
1409 1955 1550 2027 erit.
1663 1962 1824 2027 Nam
1887 1979 1952 2028 et
2007 1965 2209 2046 legum
2255 1963 2345 2027 illi
2408 1960 2611 2046 ignari

744 2091 898 2143 sunt
952 2075 1372 2158 reipublicae,
1459 2089 1524 2141 et
1597 2095 2000 2154 sermonum,
2088 2076 2318 2157 quibus
2386 2076 2481 2141 uti
2538 2076 2607 2141 in

744 2191 1198 2259 consuetudine
1253 2191 1573 2256 hominum
1630 2190 1878 2275 publice
1917 2191 2339 2273 privatimque
2379 2194 2611 2273 decet,

746 2323 816 2377 et
868 2328 1021 2375 vero
1077 2307 1489 2391 cupiditatum
1563 2307 2088 2391 voluptatumque
2108 2354 2129 2387 ,
2195 2308 2426 2390 quibus
2487 2324 2616 2372 tra-

754 2428 996 2494 huntur
1048 2424 1372 2506 homiues,
1417 2423 1614 2490 verbo
1635 2470 1660 2504 ‚
1718 2443 1964 2488 morum
2021 2424 2134 2505 qui
2192 2423 2257 2489 in
2304 2424 2440 2490 aliis
2497 2425 2619 2490 ho⁴

760 2542 1037 2610 minibus
1084 2541 1186 2608 alii
1227 2555 1424 2622 sunt,
1476 2558 1540 2608 et
1595 2541 2026 2625 ingeniorum:
2073 2542 2298 2609 horum
2336 2540 2618 2607 omnium

760 2680 1027 2748 prorsus
1066 2673 1217 2728 sunt
1259 2659 1479 2744 ignari.
1564 2658 1874 2746 Quocirca
1927 2657 2181 2740 quoties
2237 2660 2313 2725 ad
2347 2658 2615 2743 aliquam

762 2797 893 2846 rem
962 2778 1289 2862 gerendam
1341 2778 1477 2843 sive
1527 2775 1838 2858 publicam
1913 2775 2049 2842 sive
2120 2775 2425 2859 privatam
2478 2794 2621 2860 pros

764 2894 1046 2971 cedunt,
1092 2891 1336 2955 ridiculi
1382 2905 1580 2978 sunt,
1625 2892 1718 2956 uti
1761 2906 1828 2958 et
1860 2892 2104 2976 politici
2153 2907 2347 2972 sunt,
2390 2893 2618 2971 crede,

764 3026 960 3089 quum
1036 3005 1101 3068 in
1172 3019 1411 3070 vestras
1483 3006 1940 3089 disputationes
2019 3007 2619 3096 exercitationesque

758 3119 1173 3186 descendunt.
1217 3155 1313 3173 —-
1352 3121 1477 3188 Sed
1519 3124 1825 3206 optimum
1865 3141 2007 3191 esse
2043 3138 2245 3207 puto,
2288 3123 2620 3206 utriusque

760 3255 901 3305 etse
953 3234 1355 3320 participem:
1406 3238 1847 3321 philosophiae
1907 3240 2151 3322 quidem
2175 3285 2201 3318 ‚
2258 3238 2622 3322 disciplinae

764 3357 1025 3433 caussa,
1066 3371 1183 3419 nec
1221 3371 1369 3421 sane
1429 3356 1886 3423 adolescentem
1949 3356 2379 3442 philosophari
2437 3356 2625 3424 dede-

768 3486 916 3540 cet:
971 3470 1198 3554 quodsi
1260 3470 1407 3554 quis
1469 3487 1667 3540 aetate
1723 3476 1848 3559 jam
1913 3473 2273 3558 provectior
2341 3474 2627 3559 philoso-

770 3591 1001 3673 phatur
1041 3636 1065 3673 ‚
1171 3589 1494 3655 ridiculum
1572 3591 1636 3656 id
1723 3609 1990 3675 prorsus
2081 3591 2406 3677 negotium
2509 3602 2620 3659 est-

772 3703 917 3788 Ego
974 3719 1038 3772 te
1058 3752 1082 3789 ‚
1127 3725 1169 3772 o
1220 3707 1506 3774 Socrates
1528 3754 1553 3788 ‚
1596 3706 2017 3776 benivolentia
2078 3725 2145 3776 et
2177 3709 2454 3778 amicitia
2488 3724 2629 3795 pro-

2525 3839 2627 3886 se·

839 3974 923 4042 (1)
960 3974 1230 4030 Convenit
1274 3980 1444 4034 Attici
1480 3980 1620 4048 apud
1653 3980 1920 4052 Nepotem
1944 3980 2187 4036 dictum:
2222 3977 2623 4054 phanecphan-

766 4071 897 4129 dum
924 4074 1164 4147 paucis:
1197 4093 1326 4128 nam
1364 4082 1587 4133 ansuino
1626 4099 1740 4136 nou
1770 4081 1987 4153 placet.
