2792 5167
842 518 1284 611 ‘-105-

407 804 524 872 De
582 810 1034 875 animorum
1098 809 1772 883 immortalitate.

228 1010 403 1077 Illud
446 1009 523 1075 de
560 1028 636 1075 eo
677 1011 944 1094 primum
988 1011 1238 1078 videtur
1271 1014 1636 1078 tenendum.
1722 1013 1816 1080 Ut
1854 1030 2027 1075 com-

142 1128 364 1193 munis
431 1126 709 1193 omnium
766 1129 951 1196 hodie
1006 1148 1075 1195 ac
1129 1130 1403 1213 vulgaris
1463 1146 1558 1195 est
1622 1133 1697 1195 de
1746 1128 1874 1197 vita
1930 1126 2032 1194 fu-

142 1249 293 1312 tura
340 1246 699 1327 sententia,
743 1246 979 1331 quippe
1019 1246 1381 1314 confirmata
1425 1245 1741 1329 religionis
1780 1262 2030 1311 nostrae

146 1363 574 1445 auctoritate,
653 1364 836 1448 cujus
894 1382 1034 1446 pars
1089 1364 1382 1448 princeps
1432 1378 1565 1443 est,
1635 1363 1718 1428 ita
1773 1362 2033 1444 antiquo

148 1498 315 1546 aevo
362 1497 704 1562 paucorum
762 1477 887 1545 fuit
947 1478 1474 1564 philosophorum
1530 1479 1810 1563 propria.
1901 1478 2037 1545 Mi-

150 1612 376 1679 ratur,
421 1611 493 1661 ut
548 1597 737 1661 modo
800 1595 1116 1677 vidimus,
1203 1593 1499 1676 Glauco,
1593 1597 1701 1662 ubi
1747 1597 2037 1663 Socrates

151 1715 293 1799 ejus
358 1711 737 1779 mentionem
800 1710 976 1779 facit.
1082 1714 1198 1783 Καὶ
1266 1710 1327 1791 ὃς
1385 1716 1714 1800 ἐμβλέψας
1770 1741 1870 1799 μοι
1933 1717 2034 1783 καὶ

154 1834 528 1917 θαυμάσας,
592 1832 682 1897 sic
726 1830 967 1896 Graece
1026 1832 1330 1896 se·locus
1395 1830 1628 1911 habet,
1686 1830 1864 1913 εἶπε,
1919 1834 2036 1901 Μὰ

162 1952 268 2018 Δι’
323 1954 429 2018 οὐκ
480 1951 680 2029 ἔγωγε
740 1944 1053 2029 iconum(
1102 1945 1191 2016 ὅτι
1233 1949 1528 2023 ἀθάνατος
1572 1952 1730 2028 ἡμῶν
1775 1952 1809 2026 ἦ
1856 1952 2034 2033 ψυχὴ

164 2066 271 2134 nal
326 2068 601 2135 οὐδέποτε
660 2066 1031 2133 ἀπόλλυται·
1110 2068 1185 2134 σὺ
1251 2066 1311 2133 δὲ
1362 2063 1531 2132 τοῦτ’
1580 2067 1744 2149 ἔχεις
1797 2067 2037 2144 λέγεινς

161 2181 317 2264 Ipse
373 2179 526 2243 adeo
565 2180 730 2261 apud
767 2179 1261 2260 Xenophontem
1307 2180 1644 2258 Socrates,
1725 2178 1836 2243 ubi
1893 2177 2038 2243 talis

166 2297 360 2364 nobis
406 2296 721 2378 occurrit,
766 2294 971 2379 qualis
1029 2316 1242 2378 reapse
1298 2292 1461 2375 fuit,
1508 2314 1635 2360 non
1683 2295 1928 2376 quidem
1977 2296 2040 2360 in

168 2413 429 2480 dubium
486 2430 671 2478 vocat
736 2413 1083 2478 animorum
1145 2411 1708 2491 immortalitatem,
1772 2410 1899 2476 imo
1949 2409 2046 2475 af-

171 2529 420 2612 firmat,
465 2532 576 2597 sed
635 2549 813 2613 ram,
858 2549 971 2595 nec
1012 2530 1131 2596 nisi
1177 2530 1428 2596 duobus
1474 2530 1633 2595 locis
1665 2520 1763 2594 'de
1821 2547 1890 2594 ea
1948 2530 2046 2593 lo-

172 2649 435 2733 quitur:
506 2663 635 2714 tum
686 2668 836 2713 vero
878 2649 969 2713 sic
1018 2648 1349 2730 loquitur,
1394 2646 1519 2712 acsi
1560 2668 1687 2712 eam
1732 2667 1862 2712 non
1904 2648 2045 2714 data

172 2769 367 2849 opera
426 2782 489 2831 et
548 2766 831 2832 adductis
894 2765 1272 2849 argumentis
1332 2766 1452 2832 sibi
1511 2766 1883 2848 persuadere
1937 2784 2052 2830 co·

174 2900 356 2949 natus
403 2884 620 2950 fuerit.
648 2880 733 2952 (Ι)
843 2884 1083 2949 Primus
1128 2884 1248 2947 hoc
1295 2883 1500 2963 egisse
1543 2882 1720 2947 Plato
1759 2882 2046 2962 videtur,

181 3017 294 3066 nec
337 3017 543 3067 tamen
590 3002 728 3085 ipse
769 3021 880 3085 per
928 3020 1042 3082 se,
1090 3003 1198 3066 sed
1248 3017 1594 3067 conversus
1633 3000 1780 3066 illuc
1820 3000 2051 3082 Pytha-

183 3117 424 3203 goricae
477 3118 918 3202 philosophiae
971 3117 1361 3185 auctoritate.
1472 3118 1634 3184 Nam
1689 3118 2055 3184 contineba-

186 3246 288 3298 tur
350 3236 414 3300 in
486 3236 589 3302 illa
651 3236 1081 3302 immortalitas
1146 3236 1497 3303 animorum
1560 3256 1700 3302 cum
1769 3236 2055 3304 doctrina

181 3348 261 3415 de
303 3354 878 3438 metempsychosi,
942 3370 1074 3418 tum
1134 3360 1459 3440 poetarum
1515 3373 1583 3419 ac
1633 3354 2055 3439 philosopho·

184 3482 318 3533 rum
377 3469 611 3537 effatis.
741 3470 919 3538 Plato
984 3491 1133 3536 vero
1195 3473 1443 3538 demum
1502 3491 1642 3537 cum
1704 3473 1843 3539 aliis
1903 3490 2058 3538 con·

191 3583 533 3653 scribendis
586 3586 893 3669 dialogis,
928 3604 1093 3675 ·tum
1159 3589 1423 3654 maxime
1475 3589 1847 3673 Phaedone,
1912 3590 2058 3659 inde

196 3718 319 3766 rem
359 3718 697 3789 repetens,
743 3705 1089 3770 doctrinam
1155 3706 1218 3770 in
1276 3708 1416 3771 luce
1469 3708 1827 3774 collocavit.
1922 3711 2057 3778 Nec

198 3826 395 3885 tamen
453 3836 598 3886 ante
641 3823 1047 3907 Pythagoram
1108 3840 1168 3889 et
1211 3822 1527 3890 Platonem
1582 3826 1836 3893 latuisse
1882 3847 2063 3910 pror-

1951 3962 2063 4011 508

266 4054 462 4201 (ἔὲδΥ.
486 4060 713 4133 wyttb.
747 4064 804 4118 in
837 4067 983 4138 disp·
1018 4068 1084 4121 de
1108 4067 1283 4124 anim.
1314 4070 1555 4124 immor-t.
1591 4074 1789 4142 opusc.
1821 4069 1958 4127 vol.
1981 4070 2062 4129 11.

204 4157 259 4215 ρ.
392 4184 408 4201 .
