2792 5167
940 480 1324 544 ...209-

198 640 378 728 Quid
429 656 676 723 autem,
725 640 833 706 ubi
875 641 1017 724 quis
1062 641 1285 727 injuria
1327 658 1396 705 se
1432 640 1665 707 afficere
1709 637 2057 724 alium'pu·

195 775 332 842 tat,
374 777 586 827 nonne
646 758 748 838 is,
796 778 925 841 quo
976 758 1337 840 generosior
1380 773 1518 838 est,
1563 776 1639 823 eo
1685 757 1895 825 minus
1939 757 2057 822 ira·

193 877 447 958 scitur,
513 861 647 943 aive
690 876 917 943 esuriat
973 876 1109 944 sive
1151 879 1344 960 algeat
1388 875 1523 942 sive
1575 874 1743 940 aliud
1788 872 2061 957 quodvis

190 996 324 1060 tale
381 995 645 1077 patiatur
682 982 781 1060 ‘ab
848 1013 924 1059 eo
951 1042 974 1075 ‚
1038 1013 1222 1074 quem
1277 995 1414 1077 jure
1475 991 1574 1057 his
1622 1009 1762 1059 sese
1820 990 2061 1058 afficere

168 1110 557 1208 existimat,
615 1095 1038 1191 omninoque,
1098 1127 1227 1174 non
1288 1108 1661 1176 excitabitur
1719 1107 1899 1174 istius
1953 1086 2065 1174 ad·'

195 1244 424 1293 versus
461 1225 629 1293 illum
664 1226 803 1292 ira?
845 1264 933 1278 —
974 1227 1138 1291 Vera
1174 1227 1476 1308 loqueris.
1520 1261 1612 1276 —
1651 1224 1826 1313 Quid
1867 1243 2054 1307 vern,

194 1343 316 1409 ubi
374 1343 591 1429 injuria
653 1362 727 1410 se
780 1343 938 1409 affici
1011 1343 1087 1409 ab
1160 1344 1284 1408 alio
1347 1358 1576 1427 putat,
1635 1360 1843 1409 nonne
1903 1356 2051 1409 tunc

193 1457 550 1526 effervescit
581 1459 784 1542 ipsius
827 1460 915 1525 ira
952 1478 1020 1524 ac
1066 1458 1260 1526 saevit
1307 1475 1499 1540 atque
1537 1460 1830 1525 auxilium
1878 1478 2052 1543 prae·

192 1575 410 1642 arans·
423 1576 581 1661 justi
635 1576 892 1657 studio,
954 1574 1304 1658 famemque
1361 1591 1424 1640 et
1469 1572 1667 1660 frigus
1716 1592 1778 1642 et
1817 1589 2053 1642 caetera

71 1723 80 1733 ·
190 1692 338 1758 talia
390 1694 731 1774 perdurans
792 1694 870 1759 ad
929 1692 1253 1759 victoriam
1315 1693 1675 1760 contendit:
1773 1712 1975 1776 neque
2015 1713 2051 1758 a

192 1826 503 1889 generoso
546 1809 757 1874 labore
812 1824 1015 1876 cessat
1058 1811 1274 1892 prius,
1343 1830 1528 1893 quam
1563 1805 1675 1877 'vel
1724 1810 2052 1895 perfecerit

192 1945 322 1992 rem
348 1973 374 2007 ,
433 1928 531 1991 vel
571 1924 842 2007 obierit,
904 1928 1047 2007 vel,
1090 1939 1396 2007 tamquam
1443 1925 1612 1991 canis
1663 1946 1698 1992 a
1752 1941 2044 2010 pastore,

186 2041 283 2107 sic
340 2060 375 2106 a
433 2040 668 2108 ratione
726 2041 851 2124 ipsi
895 2041 1151 2126 propria
1206 2057 1535 2108 revocatus
1591 2038 1924 2111 mitescat?
1958 2081 2047 2096 —

184 2156 300 2224 Sic
339 2158 596 2222 omnino
654 2176 725 2223 se
774 2177 875 2223 res
926 2158 1136 2223 habet.
1178 2193 1270 2209 —
1352 2158 1476 2225 Est
1515 2158 1712 2243 igitur
1766 2159 1936 2225 aliud
1973 2163 2044 2230 τὸ

184 2279 520 2358 ᾈυμσειδὲς,
577 2276 743 2340 aliud
780 2281 849 2346 τὸ
889 2279 1324 2361 ἐπιθυμητικὸν.
1455 2276 1774 2342 Diversam
1835 2291 2042 2342 autem

189 2394 342 2457 iram
396 2411 431 2457 a
476 2391 709 2457 ratione
764 2411 939 2473 esse,
982 2392 1163 2457 facile
1202 2393 1388 2460 nobis
1436 2407 1660 2475 pateat.
1772 2392 1933 2458 Nam
1976 2391 2042 2457 in

189 2510 404 2592 pueris
450 2508 656 2589 quivis
701 2510 869 2586 istud
913 2508 1257 2593 intelligat,
1322 2510 1431 2589 qui
1471 2509 1724 2588 statim,
1789 2523 1859 2574 ut
1916 2508 2041 2575 nati

182 2634 383 2708 aunt,
425 2628 513 2693 ire.
555 2640 705 2692 sunt
748 2625 963 2711 pleni.;
1051 2625 1307 2691 rationis
1361 2641 1566 2692 autem
1605 2607 1892 2692 nonnulli
1932 2643 2040 2690 eo-

182 2727 323 2810 rum’
394 2760 758 2824 nunquam,
843 2741 1124 2825 plerique
1183 2761 1325 2808 sero
1382 2744 1626 2808 demum
1704 2741 2036 2827 participes

180 2865 371 2931 fiunt.
414 2897 504 2915 —
546 2863 663 2927 Per
692 2860 910 2944 Jovem
935 2907 959 2939 ‚
1003 2862 1308 2942 praeclare
1342 2857 1662 2939 loqueris:
1718 2862 1827 2927 sed
1862 2879 2038 2943 prae·

182 2999 347 3046 terea
403 2980 464 3043 in
507 2976 658 3044 feris
699 2975 1067 3042 animalibus
1114 2975 1271 3041 idem
1331 2974 1476 3057 quis
1521 2974 1765 3040 videat:
1851 2991 2035 3043 testa-

178 3114 287 3161 tur
325 3110 386 3160 et
433 3093 688 3159 Homeri
734 3093 886 3158 illud
947 3093 1023 3157 de
1068 3092 1349 3172 Ulysse:
1812 3097 1815 3101 ’
2041 3085 2048 3094 ‘

371 3282 586 3350 Στῆθος
622 3279 686 3341 2?
722 3275 991 3353 πλήξας,
1039 3277 1263 3353 κραδίην
1300 3278 1542 3346 ‘'raia-am
1580 3282 1746 3354 μῦἆφ.

177 3442 313 3509 ch
364 3442 520 3508 enim
567 3456 775 3525 aperte
815 3440 1130 3506 Homerus
1186 3442 1361 3508 alteri
1405 3426 1627 3507 fiotum
1683 3462 2032 3526 repugnans

177 3559 439 3627 alterum
490 3556 676 3640 fecit,
722 3557 858 3637 illi,
903 3558 1075 3640 quod
1129 3559 1207 3623 de
1253 3558 1509 3625 meliore
1559 3578 1628 3623 ac
1675 3561 1887 3643 pejore
1940 3583 2033 3628 ra·
2133 3617 2150 3638 ,

180 3678 562 3754 tiocinatur,
603 3676 708 3755 id,
757 3674 931 3756 quod
972 3672 1108 3740 sine
1148 3675 1383 3741 ratione
1422 3674 1782 3743 irascitur.’'
1807 3677 1886 3746 (¹)

1914 3910 2029 3976 Cle

250 4053 330 4122 (ι)
374 4052 623 4122 venep.
659 4051 948 4122 1V.4³92
992 4049 1291 4106 -ίίμι
1917 4041 1924 4047 ’
