2792 5167
1019 555 1324 618 ...5-

226 712 604 796 tuebantur,
650 735 863 799 reapse
906 714 1339 783 labefactarent
1380 714 1772 785 fundamenta
1813 735 1874 785 et
1912 738 2086 785 sanc·

234 849 358 900 tam
415 832 756 899 doctrinam
803 847 1122 914 nostram,
1200 836 1382 919 cuius
1437 834 1687 915 assequi
1741 835 2085 901 sublimita-

227 965 351 1017 tem
414 968 545 1017 non
617 964 941 1032 poterant,
1009 950 1283 1016 ludibrio
1332 948 1669 1017 haberent.
1795 953 2077 1039 Quorum

226 1067 545 1135 doctrinae
603 1086 732 1135 tum
791 1068 1040 1148 quidem
1084 1086 1424 1149 paucorum
1482 1083 1750 1134 mentem
1808 1069 2083 1134 adverte·

228 1198 425 1264 runt,
466 1185 571 1251 sed
619 1202 864 1265 serpere
917 1184 1207 1266 deinceps
1259 1183 1447 1249 latius
1504 1204 1617 1267 per
1668 1202 1882 1250 omnes
1933 1201 2079 1266 gen·

225 1316 321 1371 tes
373 1320 444 1368 ac
504 1302 675 1368 nulla
713 1320 844 1369 non
883 1302 1201 1369 hominum
1244 1318 1462 1384 genera
1505 1315 1868 1382 coeperunt.
1961 1301 2075 1374 ld,

223 1420 276 1487 si
325 1420 477 1502 quid
528 1419 735 1499 aliud,
801 1418 1001 1484 labem
1067 1416 1372 1501 adspersit
1442 1400 1916 1501 philosophiae,
2004 1434 2077 1483 ut

221 1535 351 1602 sint
403 1534 754 1619 hodieque,
819 1536 932 1617 qui
990 1554 1120 1601 eam
1184 1553 1313 1600 non
1363 1537 1567 1600 solum
1632 1533 1766 1600 sive
1820 1548 2123 1623 propter‘

215 1653 564 1738 jactantiam
628 1667 960 1737 spernant,
1045 1652 1179 1718 sive
1234 1649 1635 1717 obscuritatis
1699 1669 1915 1718 caussa
1977 1648 2077 1717 fu·

179 1741 196 1753 ⁸
221 1771 433 1852 giam,
517 1770 628 1836 sed
681 1769 1014 1852 impietatis
1065 1781 1356 1835 accusent
1413 1769 1566 1834 adeo
1589 1814 1615 1848 ‚
1690 1782 1880 1850 atque
1934 1770 2072 1851 opi-

222 1886 528 1966 nionum,
576 1905 735 1969 quae
775 1888 1046 1953 humano
1089 1886 1296 1973 generi
1347 1884 1678 1970 pestiferae
1731 1885 1903 1961 sint.
1948 1904 2073 1951 ma-

220 2019 372 2069 trem
426 2002 712 2075 habeant.
820 2004 971 2090 Quo
1020 2004 1214 2087 magis
1273 2002 1604 2085 acriusque
1663 2001 1912 2069 fanatici
1960 2005 2071 2067 ho·

217 2120 415 2186 mines
471 2138 752 2188 caussam
807 2120 1125 2203 suscipere
1175 2118 1552 2204 religionis,·
1606 2120 1718 2185 sed
1773 2122 1929 2199 sua,
2007 2118 2071 2185 id

219 2251 362 2315 est,
407 2236 618 2320 inepta
662 2255 1045 2320 prorsusque
1094 2240 1382 2318 perversa
1426 2235 1663 2302 ratione
1708 2234 2066 2301 instituunt.

305 2354 631 2440 Quaerunt
677 2353 869 2436 igitur
922 2354 1099 2419 multi
1153 2353 1541 2436 temporibus
1581 2351 1752 2418 hisce
1796 2351 2067 2430 nostris,

219 2471 734 2556 quemadmodum
790 2470 1032 2539 restitui
1083 2471 1146 2536 in
1209 2470 1568 2555 dignitatem
1632 2487 1803 2535 suam
1861 2467 2069 2549 pristi-

214 2607 356 2654 nam
409 2588 959 2669 auctoritatemque
1002 2586 1406 2672 philosophia
1445 2588 1688 2654 debeat.
1805 2586 1946 2671 Qua
1988 2587 2066 2651 de

213 2720 282 2768 re
314 2701 470 2771 aliae
496 2718 645 2769 sunt
675 2702 934 2769 aliorum
976 2702 1361 2785 maximeque
1393 2702 1670 2769 diversae
1701 2705 2061 2769 sententiae.

215 2816 530 2885 Nonnulli
570 2818 1049 2886 resuscitandam
1106 2820 1294 2885 unius
1341 2823 1660 2905 cujusdam
1709 2822 1845 2889 sive
1900 2835 2067 2887 vete-

215 2935 304 3001 ris
361 2934 496 3001 sive
559 2935 914 3001 recentioris
978 2936 1341 3018 philosophi
1396 2937 1735 3003 doctrinam
1791 2954 2061 3021 putant,

210 3072 398 3136 quam
444 3068 781 3135 purgemus
823 3051 990 3117 vitiis
1038 3052 1362 3153 diligenter
1409 3053 1804 3137 inventisque
1858 3072 2066 3140 poste-

213 3169 413 3236 ritatis
474 3184 539 3235 et
584 3169 819 3235 nostris
858 3168 1206 3235 mehercule
1258 3172 1453 3251 item,
1491 3191 1848 3257 augeamus.
1936 3176 2065 3240 Alii

215 3288 528 3368 longeque
589 3285 841 3369 plurimi
899 3306 978 3352 cx
1036 3288 1375 3363 omuibus,
1479 3308 1645 3371 quae
1695 3289 2064 3355 exstiterunt

215 3420 535 3485 unquam,
617 3403 1138 3486 philosophorum
1205 3405 1394 3470 sectis
1477 3405 1709 3489 optima
1784 3423 2066 3486 quaeque

220 3515 494 3582 delibare
549 3518 781 3584 malunt
837 3534 1026 3599 atquc
1077 3518 1143 3583 in
1203 3520 1524 3585 doctrinae
1588 3520 1915 3603 formulam
1977 3538 2070 3584 re-

214 3633 450 3719 digere.
536 3634 695 3701 Sunt
729 3635 916 3715 item‚
958 3634 1067 3715 qui
1100 3635 1563 3703 instauratorem
1598 3635 2069 3719 philosophiae,

220 3749 437 3816 nescio
479 3769 705 3833 quem,
750 3751 860 3816 sed
910 3751 1124 3817 divino
1175 3752 1376 3818 virum
1425 3752 1712 3835 ingenio,
1760 3753 1867 3835 qui
1904 3772 2069 3818 nova

222 3866 431 3933 omnia
481 3883 674 3948 genus
728 3867 1050 3936 hominum
1106 3870 1361 3948 doceat,
1396 3885 1748 3953 expectent.
1870 3872 2075 3953 Equi-

217 3984 402 4059 dem,
484 3981 540 4048 si
611 3985 663 4047 is
727 3984 1079 4067 apparuerit
1128 3985 1192 4049 in
1244 4002 1467 4067 genere
1527 3988 1835 4068 humano,
1920 3987 2073 4051 nihil

216 4095 506 4183 profecto
560 4099 735 4181 quod
789 4099 1123 4167 desiderem
1167 4101 1453 4185 habebo,
1499 4108 1685 4173 modo
1727 4123 1893 4170 nova
1935 4106 2074 4180 illa,

1921 4238 2075 4302 quae
