2792 5167
919 478 1273 542 ...49-

165 636 423 704 homini.
552 637 994 707 Veruntamen
1031 654 1229 719 sunt,
1317 637 1430 722 qui
1477 601 1803 720 dubitent,
1865 652 2025 707 sunt

161 752 270 836 qui
315 753 619 839 justitiam
683 772 840 834 rem
872 772 1013 821 esse
1036 837 1056 854 υ
1075 755 1322 822 inanem
1403 756 1817 837 contendant,
1904 754 2015 840 qui

156 868 368 935 Deum
424 885 560 938 esse
609 883 674 936 et
721 889 878 953 prov
890 867 1187 935 identiam
1228 859 1503 936 divinam
1546 884 1775 954 negent
1798 916 1823 951 ,
1867 883 2019 935 sunt

153 984 267 1065 qui
314 982 456 1051 haec
494 984 684 1050 nobis
714 985 1088 1068 persuadere
1129 974 1374 1055 ido'neis
1416 987 1773 1054 rationibus
1821 987 2021 1053 nitan-

151 1115 275 1167 tur.
352 1101 426 1168 In
472 1103 665 1169 rebus
718 1121 871 1170 vero
930 1089 1379 1173 mathematicis
1425 1125 1557 1172 non
1615 1120 1851 1172 tantum
1912 1124 2024 1172 ve-

143 1236 209 1284 ra
264 1233 416 1286 sunt
459 1219 720 1298 omnia,
796 1220 954 1303 sed,
1021 1222 1175 1304 quin
1221 1223 1352 1289 sint
1407 1242 1603 1304 vera,
1668 1241 1854 1291 nemo
1912 1236 2017 1290 est

142 1334 247 1419 qui
298 1335 593 1403 dubitat:
659 1355 792 1420 quo
859 1336 935 1404 fit
961 1384 986 1419 ,
1031 1353 1153 1419 ut,
1193 1358 1340 1405 cum
1395 1342 1613 1421 plenae
1671 1339 1801 1406 sint
1860 1359 2023 1406 con-

138 1457 587 1522 troversiarum
625 1470 906 1522 caeterae
969 1453 1291 1520 doctrinae
1347 1473 1565 1521 omnes
1588 1503 1613 1536 ,
1671 1456 1788 1524 hae
1843 1459 2025 1523 solae

138 1571 315 1638 omni
325 1583 488 1637 aevo
508 1589 719 1638 earum
738 1569 979 1638 fuerint
1001 1570 1330 1641 immunes.
1361 1571 1609 1637 Scilicet
1631 1586 1849 1638 natura
1865 1573 2021 1637 haec

133 1703 235 1757 est
276 1687 712 1756 arithmeticae
765 1701 831 1755 et
884 1664 1287 1767 matheseos,
1350 1699 1424 1751 ut
1481 1686 1672 1752 menti
1723 1686 1855 1753 sint
1897 1687 2022 1753 hu-

132 1825 358 1873 manae
396 1795 699 1890 propriae
749 1818 813 1871 ct
870 1802 1117 1872 veritati
1172 1816 1505 1888 cognatae:
1549 1803 1643 1870 sic
1682 1803 1824 1870 illae
1862 1820 2015 1908 sunt

133 1923 376 1992 homini
427 1922 774 2008 propriae,
851 1935 928 1988 ut
1003 1919 1113 2004 qui
1180 1939 1309 1987 non
1371 1938 1476 1988 eas
1528 1935 1745 2004 tenet,
1835 1924 2013 2007 quod

131 2044 317 2109 modo
376 2040 632 2107 Glauco
709 2037 915 2120 dixit,
1000 2039 1232 2104 hom-o
1309 2059 1432 2105 non
1504 2041 1586 2104 sit
1654 2039 2006 2127 putandus.

128 2160 562 2247 Quamobrem
616 2176 747 2239 quo
813 2155 959 2237 quis
1035 2169 1133 2221 est
1193 2154 1408 2221 indole
1463 2153 1747 2221 veritatis
1805 2173 2016 2246 aman-

123 2279 298 2359 tior,
344 2295 424 2344 eo
470 2290 536 2342 et
581 2272 784 2357 diligit
825 2274 939 2339 has
989 2272 1225 2358 magis,
1286 2287 1348 2338 et
1397 2273 1594 2358 magis
1636 2290 1753 2355 per
1794 2290 2023 2342 earum.

125 2396 408 2464 studium
473 2392 550 2459 ad
597 2390 921 2458 veritatem
980 2390 1264 2456 enititur.
1376 2388 1452 2455 Id
1519 2390 1698 2457 Plato
1758 2405 2007 2475 specta·

121 2514 215 2580 vit
237 2560 263 2595 ,
308 2529 515 2597 quum
557 2511 817 2576 trahere
869 2508 1022 2574 haec
1078 2507 1284 2573 studia
1338 2507 1416 2572 ad
1442 2506 1769 2574 veritatem
1792 2556 1816 2590 ,
1861 2514 2001 2580 ἑλκ-

120 2635 266 2703 τικὰ
316 2646 471 2696 esse
513 2630 655 2711 πρὸς
706 2628 908 2695 οὐσίαν
969 2623 1229 2690 diceret.
1339 2623 1465 2689 Sed
1518 2622 1635 2688 alia
1694 2625 2004 2709 spectavit

122 2747 271 2815 item
295 2794 321 2830 ,
379 2744 550 2812 illud
613 2741 974 2826 praesertim
999 2788 1024 2823 ,
1083 2740 1163 2806 ad
1221 2738 1697 2806 discernendum
1755 2742 1820 2805 in
1875 2743 2004 2824 pri-

117 2862 246 2931 mis
308 2875 376 2928 et
439 2856 847 2943 judicandum
904 2870 1176 2921 mentem
1244 2873 1469 2922 acuere
1506 2837 1993 2928 arithmeticam.

117 2980 195 3047 In
258 2976 508 3061 quibus
566 2970 862 3039 omnibus
906 2991 942 3038 a
991 2971 1392 3055 Pythagoreis
1447 2972 1796 3058 profecisse
1833 2981 1995 3045 mul·

114 3111 244 3163 tum
318 3091 628 3170 videtur,
696 3087 808 3153 sed
853 3106 1037 3154 suum
1097 3101 1300 3154 tamen
1357 3088 1478 3156 iter
1539 3107 1799 3158 secutus
1861 3109 1994 3159 est:

120 3211 290 3296 quod
394 3204 869 3292 comparatione
967 3204 1261 3272 instituta
1348 3204 1533 3274 facile
1613 3210 2003 3277 demonstra·

121 3341 245 3395 tur.

201 3446 308 3512 De
352 3442 638 3510 numeris
705 3441 1245 3528 Pythagoreorum
1299 3439 1473 3507 omni
1538 3459 1698 3509 aevo
1765 3440 2011 3526 gravis·.

119 3562 324 3628 simae
380 3557 642 3625 fuerunt
695 3560 1108 3644 interpretum
1164 3559 1593 3626 dissensiones
1618 3605 1644 3640 ‚
1726 3574 2012 3639 quorum

116 3678 220 3746 alii
281 3676 440 3742 haec
486 3673 752 3758 placita,
796 3690 867 3741 ut
924 3675 1094 3761 aegri
1126 3674 1349 3759 capitis
1388 3675 1676 3753 somnia,
1719 3688 2000 3743 contem-

116 3805 337 3857 serunt
363 3837 390 3872 ,
456 3787 560 3853 alii
626 3802 691 3856 et
760 3792 959 3871 major
1023 3791 1180 3856 adeo
1256 3809 1404 3874 pars
1467 3788 1708 3856 fontem
1770 3792 2006 3861 habue-

120 3918 276 3973 runt
341 3904 699 3972 reconditae
747 3906 1073 3992 cujusdam
1113 3897 1512 3992 et'qquamvis
1565 3907 1670 3974 vix
1703 3911 2000 3995 perviae,

121 4040 406 4092 summac
439 4033 669 4106 ,tamen
726 4021 1091 4108 sapientiae.
1220 4019 1345 4098 His
1399 4024 1807 4112 relinquimus
1877 4047 2001 4093 nos

1040 4138 1104 4203 D
1798 4141 2001 4206 liben-
