2792 5167
639 565 913 639 nomina.
956 593 1054 616 -
1085 562 1407 651 Equidem
1462 566 1815 636 Homerum
1858 566 1929 632 in
1976 569 2312 653 pangendis
2354 589 2497 637 car-

634 684 908 752 minibus
959 680 1154 766 epicis
1216 681 1549 750 admiratus
1602 702 1745 750 sum
1805 684 2121 769 maxime,
2182 687 2247 753 in
2288 686 2497 771 dithy-

636 780 854 868 rambo
908 798 1399 881 Melanippidem
1424 846 1453 880 ‚
1496 799 1561 865 in
1606 800 1920 886 tragoedia
1978 801 2394 888 Sochoclem,
2428 805 2499 870 in

636 917 931 985 statuaria
965 916 1394 999 Polycletum,
1436 915 1502 980 in
1547 915 1793 1000 pictura
1830 919 2114 986 Zeuxim.
2202 919 2337 985 Hic
2382 920 2511 987 So-

641 1047 885 1115 crates,
967 1032 1092 1100 utri
1151 1049 1299 1098 vero
1360 1031 1659 1098 videntur
1712 1033 1829 1099 tibi
1849 1081 1875 1116 ,
1952 1035 2156 1120 inquit
2177 1083 2203 1116 ‚
2264 1037 2507 1121 majore

644 1148 815 1231 digni
872 1163 1018 1213 esse
1067 1144 1515 1228 admiratione,
1560 1146 1669 1230 qui
1710 1147 2036 1214 simulacra
2088 1148 2314 1217 mentis
2360 1168 2508 1215 mo-

639 1277 878 1348 tusque
933 1263 1210 1348 expertia
1246 1262 1629 1347 perficiunt,
1690 1282 1768 1330 an
1813 1265 1925 1348 qui
1962 1265 2245 1332 animalia
2287 1278 2504 1332 mente

639 1395 709 1448 et
763 1394 944 1446 motu
1001 1378 1278 1464 praedita
1317 1378 1439 1446 ⁰³?
1479 1418 1572 1434 —
1624 1378 1715 1447 Et
1774 1381 1861 1447 sic
1911 1383 2157 1465 quidem
2211 1403 2248 1448 a
2305 1384 2503 1450 rebus

647 1496 853 1563 cuivis
907 1498 1306 1582 patentibus,
1387 1516 1675 1580 quaeque
1732 1498 2021 1565 sensibus
2074 1499 2513 1583 percipiuntur

649 1616 731 1682 ad
784 1634 885 1683 res
928 1615 1173 1684 divinas
1208 1614 1461 1697 Deique
1521 1613 1977 1699 providentiam
2018 1614 2319 1681 escendit.
2378 1613 2509 1682 Sed

649 1732 890 1813 hospes
955 1728 1039 1795 sit
1099 1748 1358 1796 necesse
1399 1745 1499 1796 est
1556 1732 1625 1795 in
1689 1731 1947 1816 scriptis
2006 1730 2515 1814 Socraticorum,

644 1842 758 1926 qui
811 1843 914 1908 vel
966 1843 1164 1909 verbo
1214 1843 1497 1910 monitus
1516 1888 1544 1926 ,
1584 1863 1718 1910 non
1766 1847 1922 1912 hanc
1968 1848 2278 1914 continuo
2326 1847 2519 1914 ratio·

643 1976 788 2028 nem
857 1957 1063 2026 animo
1135 1972 1581 2043 repraesentat.
1711 1960 2177 2046 Quoscumque
2253 1963 2508 2030 habebat

646 2077 940 2144 Socrates
994 2095 1141 2142 cum
1194 2075 1682 2160 quibuscunque
1731 2077 2097 2145 hominibus
2148 2100 2515 2164 semones,

648 2208 788 2266 tum
843 2194 1029 2262 etiam
1049 2240 1076 2272 ,
1162 2213 1356 2278 quum
1408 2194 1652 2279 judices
1709 2194 2146 2276 alloquebatur
2214 2198 2519 2281 publice,

644 2327 721 2378 ut
775 2311 1178 2394 persuaderet
1236 2308 1410 2390 illis,
1452 2329 1488 2375 a
1544 2310 1732 2376 rebus
1774 2312 2162 2379 tenuissimis
2228 2329 2291 2381 et
2340 2316 2524 2382 vilis-

629 2427 821 2496 ·simis
858 2430 1136 2512 exempla
1168 2426 1464 2510 petebatt
1509 2443 1763 2495 sutores
1799 2429 2215 2515 loquebatur,
2254 2431 2514 2515 fabros,

645 2547 962 2628 rusticos,
1035 2564 1384 2627 eorumque
1431 2559 1597 2616 artes
1654 2560 1721 2612 et
1786 2548 2218 2617 instrumenta.
2337 2550 2512 2619 Haec

652 2665 895 2734 scilicet
954 2662 1248 2730 omnibus
1303 2678 1481 2729 erant
1548 2676 1744 2743 nota,
1808 2681 1937 2730 non
1993 2666 2180 2732 cultis
2224 2680 2462 2732 tantum
2486 2715 2517 2751 ,

650 2785 764 2852 sed
828 2780 1091 2849 rudibus
1162 2780 1346 2847 etiam
1406 2793 1475 2845 et
1545 2771 1903 2864 agrestibus
1934 2829 1958 2863 ,
2042 2782 2252 2865 pueris
2311 2783 2519 2851 adeo:

647 2899 761 2966 sed
815 2897 1048 2961 ducens
1109 2897 1216 2962 ille
1257 2916 1294 2961 a
1346 2896 1619 2961 sordidis
1687 2896 1788 2961 his
1853 2912 1918 2962 et
1971 2898 2230 2981 abjectis
2284 2919 2532 2966 sermo-

651 3031 815 3096 nes,
856 3030 958 3080 res
998 3011 1345 3079 declarabat
1403 3010 1732 3089 facillime,
1777 3010 1857 3075 de
1903 3010 2136 3090 quibus
2176 3013 2521 3081 cultissimi

650 3133 774 3202 viri
827 3133 999 3200 omni
1057 3147 1341 3216 tempore
1390 3130 1498 3196 vix
1553 3126 1889 3211 quidquam
1947 3125 2277 3212 proferre,
2334 3132 2517 3211 quod

652 3248 988 3335 probabile
1042 3261 1252 3330 esset,
1306 3257 1663 3331 potuerant.
1792 3242 1896 3310 Ab
1960 3242 2309 3312 Aristotele
2361 3246 2520 3313 haec

653 3368 814 3440 ratio
861 3371 1161 3450 ἐπαγωγὴ
1218 3363 1385 3430 dicta
1450 3376 1547 3430 est
1594 3357 1693 3442 θ’,
1736 3379 1775 3427 a
1812 3359 2127 3428 Cicerone
2170 3376 2238 3428 et
2277 3362 2531 3432 Latinis

658 3482 976 3551 induerim
1048 3478 1222 3547 Haec
1281 3476 1552 3543 docendi
1613 3475 1773 3542 ratio
1833 3496 2018 3558 quam
2077 3474 2165 3542 sit
2200 3477 2527 3562 simplex,

656 3617 843 3683 quam
905 3600 1054 3666 item
1113 3595 1192 3664 ad
1248 3592 1749 3679 persuadendum
1812 3592 2030 3662 efficax
2053 3640 2079 3676 ‚
2141 3613 2330 3666 nemo
2390 3611 2527 3678 est,

2372 3711 2533 3795 quin

726 3866 811 3936 (ι)
857 3863 1114 3934 xenoph.
1151 3866 1319 3922 Men.
1357 3866 1410 3921 1.
1440 3867 1498 3920 4.
1533 3869 1591 3937 §-
1624 3880 1676 3918 ι.
1711 3864 1763 3917 5.
1894 3864 1992 3937 (a)
2034 3864 2270 3919 Ari-tob
2311 3868 2541 3939 Analyt.

656 3972 799 4041 pont·
840 3962 910 4023 1..
946 3962 994 4022 1.
1030 3980 1080 4016 c·
1117 3982 1161 4016 ι.
1203 3964 1349 4038 102.
1383 3966 1437 4022 1.
1473 3981 1561 4022 ιο.
1596 3970 1662 4042 ,οἱ
1691 3963 1910 4035 pto-im·
1955 3963 2072 4022 cie.
2116 3964 2259 4036 Tap.
2297 3984 2347 4028 e·
2380 3983 2467 4030 ao..
