2792 5167
1003 516 1348 583 ..53-

221 674 376 741 adeo
424 691 679 745 tuarum
726 674 1188 759 disciplinarum
1243 680 1422 748 initia
1479 682 1777 751 debuisses
1820 688 2091 755 Alexan-

210 759 432 859 drinae
483 793 696 862 aetatis
743 793 1130 862 celeberrimi
1161 800 1557 882 astronomi,
1600 803 1893 886 physici,
1937 789 2089 890 geo-⁸

209 908 483 992 graphi5
566 907 744 977 Plato
816 928 970 977 vero
1040 912 1201 980 hanc
1268 893 1582 998 spectavit
1666 920 2084 990 arithmeticae

209 1023 537 1092 utilitatem
565 1072 591 1108 ,
651 1046 775 1109 qua
834 1045 985 1094 sane
1035 1030 1236 1113 major
1282 1048 1427 1097 esse
1485 1031 1726 1100 homini
1784 1035 1893 1126 vix
1955 1038 2091 1104 ulla

198 1157 416 1227 potest
439 1189 466 1227 ‚
552 1159 626 1212 ut
679 1143 1042 1212 dlalecticae
1083 1146 1501 1231 applicaretur
1523 1194 1547 1229 ,
1632 1150 1816 1233 sive,
1906 1147 2080 1234 quod

191 1259 356 1327 idern
433 1274 535 1327 est
593 1261 660 1327 in
730 1263 1132 1345 antiquorum
1199 1263 1417 1347 lingua
1494 1265 2070 1349 philosophorum,

188 1375 591 1445 discernendi
648 1377 1113 1463 jude'candique
1170 1379 1528 1445 facultatem
1595 1382 1843 1449 eliceret
1901 1403 2091 1458 exer·⁸

190 1509 501 1577 ceretque
523 1507 762 1577 ‚atque
799 1493 885 1560 ita
924 1511 1051 1558 suo
1097 1491 1209 1558 fini
1242 1493 1620 1562 inserviret:
1669 1499 1907 1581 quippe
1949 1505 2077 1582 uae-2

191 1615 365 1693 θημα
387 1656 415 1692 ,
456 1613 732 1681 ἑλκτικὸν
777 1611 839 1679 ὃν
879 1612 1241 1681 παντάπασι
1292 1615 1437 1695 πρὸς
1492 1616 1716 1682 οὐσίαν.
1802 1614 1876 1677 Id
1920 1631 2074 1680 vero

188 1724 454 1809 privum
498 1724 959 1808 propriumque
1005 1721 1134 1792 fuit
1171 1725 1419 1794 Platoni
1442 1771 1467 1807 ‚
1509 1743 1629 1793 nec
1683 1726 1760 1792 ab
1801 1727 1933 1796 tillo
1970 1707 2079 1798 an'·

183 1855 258 1909 te
312 1858 466 1908 eum
530 1839 922 1925 philosopho
968 1854 1383 1924 usurpatum,
1449 1857 1521 1908 ut
1562 1843 1704 1926 ipse
1743 1860 1843 1913 est
1902 1847 2077 1934 inge-

183 1977 319 2026 nue
387 1956 768 2043 professus,
851 1975 995 2023 cum
1062 1957 1295 2024 diceret
1366 1957 1446 2024 de
1512 1958 1639 2025 hoc
1706 1947 2065 2046 μαθήματιξ

180 2081 505 2149 κινδυνεύει
538 2084 657 2147 τῶν
702 2079 845 2159 πρὸς
884 2079 993 2154 τὴν
1034 2078 1223 2154 νόησιν
1274 2080 1545 2158 ἀγόντων
1603 2081 1791 2160 Φύσει
1849 2078 1996 2168 εἶναι
2033 2082 2073 2151 8

185 2198 510 2279 ζητοῦμεν·
596 2195 955 2276 χρῆσθαι
1030 2195 1082 2260 δ’
1141 2193 1410 2268 οὐδεὶς
1478 2196 1694 2274 αὐτῷ
1776 2198 2065 2279 apetie:

188 2326 326 2392 quo
389 2307 690 2374 barbaros
740 2325 874 2374 non
931 2321 1169 2374 tantum
1228 2307 1634 2391 respexisse,
1721 2310 1834 2375 sed
1889 2309 2069 2394 ipsos

177 2426 369 2494 etiam
407 2425 844 2510 Pythagoreos
903 2424 1180 2491 videtur.
1267 2425 1359 2492 Et
1401 2425 1491 2492 sic
1542 2426 1793 2506 quidem
1845 2447 2070 2512 perve-

175 2544 392 2610 nimus
441 2543 688 2608 tandem
713 2587 739 2622 ‚
808 2560 939 2623 quo
965 2561 976 2580 ·
999 2539 1237 2607 dudum
1301 2541 1688 2624 perreximus
1712 2589 1737 2623 ‚
1804 2561 1876 2609 ut
1934 2564 2065 2610 me-

178 2657 518 2728 morabilis
561 2658 754 2743 hujus
809 2656 1155 2723 sententiae
1210 2658 1341 2721 vim
1395 2672 1459 2722 et
1502 2657 1844 2723 ubertatem
1895 2679 2066 2728 asse-

178 2795 552 2861 queremur.
683 2775 903 2859 Ipsum
957 2774 1081 2857 jam
1146 2773 1470 2839 audiamus
1523 2774 1841 2840 Socratem
1915 2777 2064 2843 haec

177 2891 524 2977 simplice,
589 2889 704 2955 sed
765 2893 1094 2968 accurate,
1158 2889 1276 2953 sed
1316 2887 1614 2955 interiore
1666 2889 1903 2958 ratione
1956 2913 2064 2961 ex-

169 3022 557 3100 ponentem.
649 3003 998 3085 Conabor,
1042 3005 1297 3087 inquit,
1343 3006 1406 3069 id
1466 3009 1637 3089 quod
1689 3010 1847 3076 mihi
1889 3013 2066 3078 vide-

170 3145 278 3197 tur
337 3125 681 3194 declarare.
793 3121 974 3207 Quae
1025 3122 1190 3188 enim
1263 3123 1403 3206 ipse
1461 3144 1705 3192 mecum
1773 3126 2060 3207 reputavi

169 3243 495 3334 ejusmodi
550 3259 747 3322 esse,
821 3228 895 3305 ut
949 3254 1217 3306 mentem
1272 3241 1350 3304 ad
1415 3259 1620 3306 rerum
1689 3245 1891 3311 οὐσίαν
1953 3241 2063 3306 ad.

174 3365 413 3431 ducant
435 3409 461 3443 ‚
518 3374 814 3443 quaeque
861 3375 994 3423 non
1054 3374 1202 3424 esse
1266 3355 1633 3440 hujusmodi
1713 3357 2009 3422 videntur
2032 3403 2058 3435 ‚

49 3505 64 3530 ι
173 3482 331 3546 haec
368 3494 447 3543 tu
479 3494 724 3543 mecum
779 3486 1078 3557 spectans
1121 3472 1324 3557 proba
1361 3474 1481 3537 -vel
1517 3490 1719 3556 nega,
1766 3488 1899 3550 quo
1937 3472 2061 3538 cla·

177 3598 319 3665 rius
363 3593 803 3678 dignoscamus
825 3638 851 3672 ‚
895 3610 1045 3656 num
1090 3590 1175 3654 sit
1234 3588 1359 3654 hoc
1421 3587 1546 3653 tale
1568 3631 1592 3666 ‚
1656 3587 1844 3667 quale
1900 3586 2063 3651 vati-

175 3714 392 3781 cinor.
437 3747 528 3764 —
565 3707 673 3774 Tu
708 3726 863 3774 vero
905 3705 1194 3773 ostende.
1238 3738 1332 3757 --
1372 3701 1663 3769 Ostendo
1716 3702 2051 3788 equidem;

177 3830 443 3895 videsne
499 3845 595 3894 res
618 3873 644 3907 ‚
730 3843 891 3909 quae
947 3820 1242 3889 sensibus
1291 3835 1548 3901 patent,
1634 3822 1855 3902 partim
1919 3844 2053 3894 non

176 3962 447 4013 evocare
549 3956 817 4009 mentem
907 3940 986 4006 ad
1063 3938 1336 4020 ipsarum
1441 3935 1995 4010 considerationem
2023 3991 2049 4023 ‚
2130 3961 2147 3973 ·

175 4061 429 4150 quippe
473 4060 619 4146 ipso
681 4076 872 4128 sensu
929 4054 1081 4123 satis
1136 4067 1506 4137 perceptas:
1556 4056 1786 4141 partim
1848 4059 2056 4124 omni·

1966 4187 2049 4235 no
