2792 5167
281 508 448 566 team
510 514 576 565 et
619 498 994 579 quicumque
1045 516 1196 581 post
1267 497 1614 564 orationem
1679 499 1966 565 dicturus
2019 502 2145 573 est,

285 633 414 681 tam
452 617 722 701 pulcram
763 628 824 678 et
850 615 1065 682 variam
1087 658 1109 695 ‚
1136 630 1256 682 tam
1307 614 1660 681 illustribus
1693 631 1972 681 ornatam
2020 635 2153 679 ver-

291 728 392 795 bis
419 779 444 810 ‚
491 746 612 797 tam
634 730 1044 815 splendidam!
1090 732 1368 815 Gorgiae
1405 733 1558 798 mihi
1600 732 1665 798 in
1706 725 1971 799 mentem
2018 751 2157 798 ver-

285 848 501 914 niebat
551 848 924 929 verebarque
972 850 1191 932 plane,
1237 868 1317 914 ne
1361 850 1627 933 Gorgus
1686 850 1789 914 ille
1844 851 1996 915 mihi
2047 866 2152 913 ca-

287 980 408 1047 put
447 965 782 1051 objiciam,
807 982 1041 1033 mutum
1075 985 1170 1033 me
1195 966 1459 1034 efficeret
1490 983 1553 1033 et
1594 967 1659 1033 in
1686 967 1952 1051 lapidem
1994 985 2150 1032 eon·

287 1099 574 1151 verteret.
664 1084 826 1151 Tum
866 1105 1014 1153 vero
1052 1085 1331 1167 agnovi,
1375 1104 1567 1167 quam
1607 1084 1870 1166 egissem
1909 1082 2145 1150 ridicu-

281 1200 377 1281 le,
429 1220 618 1282 quum
671 1219 790 1284 ego
844 1202 1002 1269 item
1049 1199 1385 1280 reciperem
1438 1198 1627 1264 vobis
1654 1246 1676 1278 ,
1722 1213 1794 1262 ut
1829 1180 1967 1265 viee
2002 1204 2142 1267 mea

275 1335 554 1382 amorem
592 1317 960 1395 laudarem,
1026 1314 1140 1395 qui
1181 1315 1433 1395 ignatus
1488 1334 1685 1379 essem
1734 1318 1960 1398 plane,
2022 1332 2147 1397 qua

284 1432 446 1515 quid
483 1431 732 1497 ratione
780 1430 1155 1497 laudandum
1195 1446 1384 1497 esset.
1470 1431 1632 1497 Nam
1662 1431 1946 1513 equidem
1992 1430 2155 1498 arbi-

286 1546 497 1613 trabar
536 1594 561 1627 ,
603 1566 752 1631 prae
796 1528 1143 1613 stoliditate
1179 1546 1416 1613 scilicet
1450 1567 1643 1629 -mea,
1689 1568 1833 1613 vera
1888 1546 2152 1633 proferri

284 1677 622 1747 oportere,
689 1683 847 1745 quae
884 1662 1073 1746 quis,
1135 1663 1366 1730 dilectu
1414 1663 1674 1745 habite,
1719 1665 1784 1730 in
1826 1683 1952 1730 rem
1990 1684 2149 1747 quae

278 1766 632 1846 laudaretur
699 1777 1038 1847 conferret.
1127 1780 1318 1846 Nunc
1381 1800 1530 1846 vero
1594 1782 1906 1865 cognovi,
1950 1781 2145 1850 maxi-

279 1916 382 1963 ma
427 1896 636 1963 omnia
679 1897 766 1962 rei
793 1897 1129 1963 laudandae
1165 1913 1228 1962 et
1281 1897 1649 1981 pulcerrima
1686 1897 2013 1965 tribuenda
2044 1920 2144 1965 es·

283 2032 401 2095 se,
445 2012 579 2080 sive
618 2013 675 2078 ei
705 2013 961 2098 propria
999 2013 1170 2096 sint,
1215 2014 1352 2083 sive
1405 2033 1535 2082 non
1575 2015 1757 2082 sint.-
1790 2034 1929 2081 nam
1961 2034 2146 2098 quae:

277 2130 330 2196 ri
371 2130 597 2212 unice,
636 2146 708 2197 ut
744 2131 1094 2198 laudavisse
1119 2132 1481 2214 videamur,
1526 2152 1657 2199 non
1691 2147 1764 2198 ut
1794 2132 2145 2201 laudemus·

282 2247 544 2333 Quibus
603 2249 834 2316 ironice
855 2298 880 2331 ,
944 2265 1016 2315 ut
1075 2251 1361 2332 solebat,
1421 2250 1604 2317 dietis
1628 2286 1652 2331 ,
1715 2253 1876 2319 hane
1922 2252 2146 2317 Socra:-

281 2381 378 2432 tes
417 2385 454 2432 a
501 2367 780 2434 Phaedro
819 2367 1058 2434 veniam
1115 2369 1320 2452 petit,
1367 2364 1439 2434 ιιι
1478 2388 1594 2435 sua
1634 2368 1761 2435 sibi
1806 2381 2147 2434 consuetus

275 2484 422 2551 dine
471 2485 551 2551 de
593 2505 798 2553 amore
833 2486 1016 2553 liceat-
1044 2486 1271 2553 dicere.
1360 2485 1562 2574 Quam
1606 2484 1787 2552 facile
1828 2485 2143 2569 adeptus,

277 2603 590 2687 ejusmodi
624 2602 904 2669 instituit
921 2623 1066 2667 cum
1099 2604 1433 2685 Agathone
1467 2602 1981 2683 disceptationem
2004 2650 2029 2683 ,
2072 2603 2146 2667 ιιι
2210 2594 2217 2607 ’

284 2716 729 2799 interrogando
762 2715 988 2781 efficiat
1006 2733 1158 2796 ,nec
1187 2717 1472 2797 pulcrum
1509 2737 1649 2782 esse
1684 2722 1955 2782 amo‘rem
1976 2764 2000 2797 ,
2033 2721 2148 2783 nee

288 2834 530 2899 bonum
554 2870 580 2914 ,
668 2831 1040 2899 destitutum
1115 2832 1372 2898 omnino
1457 2819 1713 2899 dotibus
1775 2831 1899 2898 illis
1956 2833 2159 2901 omni-

290 2952 415 3021 bus
441 3000 466 3033 ,
505 2950 746 3034 quibus
780 2968 818 3018 a
847 2951 1126 3018 Phaedro
1168 2950 1475 3035 aliisque,
1518 2949 1586 3016 in
1624 2951 1843 3035 primis
1891 2951 1969 3018 ab
2007 2951 2150 3036 ipso·

277 3073 663 3158 Agathone,
705 3068 912 3138 fuerat
943 3068 1315 3136 celebratus.
1402 3070 1563 3136 Nam
1615 3067 1796 3135 fateri
1840 3068 1942 3135 hic
1978 3069 2151 3155 cogi-‘-

276 3208 431 3271 tur,
492 3189 668 3273 quod
732 3187 882 3270 quis
951 3188 1240 3271 appetit,
1305 3187 1427 3253 hoc
1486 3207 1624 3254 eum
1692 3206 1822 3253 non
1876 3187 2147 3268 habere,

284 3324 544 3373 amorem
583 3320 792 3373 autem
849 3319 1139 3387 appetere
1181 3322 1341 3385 quae
1377 3306 1594 3386 pulcra
1644 3321 1795 3370 sunt
1833 3316 1897 3369 et
1933 3305 2146 3382 bonai

292 3421 682 3500 quamobrem
723 3437 838 3486 nec
903 3418 1130 3485 habere
1171 3418 1321 3497 illa,
1382 3438 1497 3484 nec
1548 3421 1835 3502 pulcrum
1882 3432 2021 3481 esse
2062 3417 2158 3499 ip-

257 3552 481 3613 sum,
522 3553 633 3601 nec
692 3536 956 3602 bonum.
1043 3536 1188 3621 Qua
1230 3533 1659 3625 disputatione
1708 3535 1787 3598 ad
1835 3532 2153 3616 angustias

288 3650 596 3718 adductus
635 3652 930 3734 Agatho,
971 3670 1316 3736 repugnare
1353 3647 1517 3730 tibi,
1562 3632 1818 3733 inquit,
1861 3666 1991 3715 non
2011 3670 2157 3734 pos-

290 3786 484 3848 sum,
528 3766 680 3848 sed,
725 3782 796 3833 ut
845 3768 1110 3850 dixisti,
1161 3768 1245 3833 ita
1285 3786 1354 3832 se
1393 3784 1491 3832 res
1541 3767 1786 3833 habeat.
1874 3766 2041 3835 Tum
2082 3768 2156 3836 il·-

287 3874 392 3967 1e‚
452 3884 632 3969 atqui
701 3883 996 3968 veritati,
1059 3905 1099 3953 o
1147 3870 1555 3955 dilectissime
1620 3885 1913 3970 Agatho,
1974 3890 2153 3955 nullo

1187 4003 1267 4073 Μ
2012 4020 2165 4084 pac-1
