2792 5167
1004 498 1438 581 ...ες-..-

242 678 599 760 Platonica,
636 675 912 746 videtur.
1033 679 1244 765 Huius
1300 680 1467 747 enim
1522 693 1818 746 constans
1872 697 2105 763 propo·

250 795 438 866 situm
496 807 639 873 est,
686 808 757 860 ut
814 812 929 878 per
970 797 1177 879 pulcri
1222 797 1500 864 studium
1551 812 1758 881 artes,
1815 815 1931 882 per
1982 796 2112 862 veri

160 943 183 964 ν
245 913 522 982 studium
570 911 943 995 disciplinae
1000 913 1318 996 graviores
1373 915 1450 981 ad
1508 934 1709 982 veram
1766 931 2110 982 accommo-

249 1033 479 1100 dentur
542 1034 913 1116 valeantque
985 1031 1228 1117 generis
1286 1033 1538 1112 humani
1612 1034 1915 1115 salutem3
2004 1034 2116 1101 sed

250 1150 511 1233 exsequi
549 1150 671 1218 hoc
716 1149 1115 1235 propositum
1150 1153 1333 1237 jubet
1383 1150 1586 1236 ipsius
1629 1149 1981 1216 dialecticae
2024 1149 2119 1215 di·

242 1266 523 1352 figentia.
656 1267 739 1335 Et
795 1269 971 1336 Plato
1040 1267 1289 1350 quidem
1345 1267 1426 1334 de
1490 1266 1732 1334 artibus
1792 1266 2114 1351 literisque

245 1401 321 1450 ac
364 1383 711 1468 disciplinis
753 1385 1088 1454 tractandis
1130 1402 1261 1452 non
1304 1384 1648 1469 peculiares
1698 1385 1997 1468 quosdam
2041 1385 2119 1450 li·

246 1499 453 1568 bellos
491 1501 782 1584 scripsit,
846 1502 981 1569 sed·
1010 1502 1207 1588 ipsam
1254 1515 1317 1566 et
1363 1499 1568 1586 pulcri
1609 1519 1676 1568 et
1725 1501 1855 1568 veri
1906 1500 2115 1585 philo·

236 1617 528 1704 sophiam
582 1619 699 1686 illo
758 1619 827 1686 in
862 1633 1070 1704 opere
1120 1620 1454 1704 exposuit,
1521 1639 1653 1704 quo
1710 1619 1790 1686 de
1837 1619 2117 1703 politicis

237 1736 434 1804 rebus
474 1734 884 1821 perfectoque
934 1737 1315 1821 reipublicae
1357 1751 1526 1804 statu
1574 1750 1810 1822 ageret.
1893 1737 2115 1804 Locus
2245 1765 2255 1777 ·

238 1855 405 1922 enim
447 1855 551 1922 hic
593 1856 783 1922 rebus
820 1870 946 1922 tam
993 1854 1231 1939 magnis
1280 1869 1471 1937 atque
1521 1853 1873 1920 illustribus
1927 1853 2108 1921 unice

239 1986 373 2038 erat
410 1967 643 2057 aptus',
684 1987 749 2037 et
785 1970 1014 2052 nobis,
1058 1970 1121 2038 ni
1159 1968 1386 2051 fallor,
1429 1983 1770 2054 postquam
1809 1972 1934 2036 huc
1972 1990 2107 2054 per-

236 2088 573 2186 venimus,
616 2106 785 2154 nunc
822 2091 1064 2158 denum
1105 2105 1207 2154 res
1244 2087 1383 2154 illae
1424 2087 1819 2172 gravissimae
1859 2087 1924 2154 in
1961 2089 2106 2156 luce

232 2205 484 2289 positae
525 2203 841 2272 videntur.
951 2199 1348 2272 Admiramur
1399 2205 1504 2270 hic
1555 2220 1761 2270 autem
1819 2205 2105 2288 philoso-

232 2322 425 2407 phiae
454 2321 804 2390 Platonicae
842 2340 971 2389 non
1021 2322 1227 2388 solum
1275 2320 1657 2401 ubertatem,
1701 2323 1812 2386 sed
1862 2321 2105 2405 simpli·

230 2438 487 2538 citatem
545 2439 753 2507 etiam.
839 2439 993 2507 Uno
1045 2439 1149 2506 illa
1201 2421 1564 2504 constanter
1613 2453 1830 2503 tenore
1883 2457 2103 2523 proce·

228 2555 368 2638 dit,
412 2570 612 2640 utque
656 2576 694 2623 a
744 2555 1059 2641 principio
1104 2557 1180 2623 ad
1228 2575 1331 2621 res
1374 2553 1835 2640 perspiciendas
1887 2556 2103 2641 politi·

231 2691 340 2740 cas
396 2673 820 2759 praeparavit,
865 2672 949 2739 ita
1003 2673 1157 2752 hle,
1199 2671 1311 2737 ubi
1365 2690 1472 2740 eas
1518 2671 1820 2755 exponit,
1861 2674 1942 2738 ad
1996 2691 2102 2739 su-

230 2791 483 2877 periora
534 2792 640 2858 illa
679 2790 891 2859 omnia
942 2791 1265 2857 recolenda
1312 2787 1587 2855 animum
1639 2802 1924 2855 nostrum
1979 2804 2106 2856 tra.

230 2909 409 2978 ducit
466 2911 700 2977 denuc.
831 2908 955 2974 Sed
1014 2908 1093 2972 de
1155 2905 1297 2991 ipso
1352 2907 1476 2992 jam
1536 2906 1816 2974 Platonis
1876 2904 2101 2989 effato,

234 3029 411 3114 quod
445 3026 760 3105 diximus,
810 3026 955 3093 data
996 3026 1187 3109 opera
1226 3040 1510 3108 agamus.

707 3263 823 3332 Do
880 3263 1144 3350 effato
1209 3261 1633 3342 Platonis,

234 3399 390 3450 non
448 3397 639 3448 amo
699 3377 942 3448 rebus
992 3379 1356 3469 publicis
1396 3377 1663 3463 finem
1704 3377 2094 3463 futurum

441 3496 883 3580 malorum,
959 3515 1195 3583 quam
1252 3496 1641 3582 praesint
1703 3493 1890 3559 illr’s

920 3612 1407 3702 philosophi.

320 3848 511 3915 Haud
543 3847 726 3916 facile
778 3846 1047 3931 protulit
1093 3845 1435 3929 antiquitas
1477 3843 1844 3914 sententiam
1866 3891 1892 3929 ,
1937 3867 2098 3932 quae

228 3981 462 4035 tantam
481 4013 506 4050 ,
551 3980 841 4051 quantam
884 3963 1137 4032 effatum
1175 3966 1413 4045 hocce,
1454 3960 1869 4029 celebritatem
1917 3977 2097 4032 nacta

228 4085 343 4158 sit.
426 4084 567 4153 Nec
598 4102 755 4154 vcro
790 4081 1163 4170 defuerunt,
1194 4080 1307 4165 qui
1342 4080 1856 4168 reprehenderent
1889 4078 2093 4162 illud,

1961 4213 2087 4260 nmo
