2792 5167
1065 534 1405 582 -11—

313 715 448 764 eam
511 697 575 762 in
625 698 742 763 bac
791 695 1174 780 optimorum
1230 696 1549 763 hominum
1608 697 1900 764 societate
1963 696 2167 764 inves-

310 814 622 896 tigemus,
682 811 921 895 quippe
964 830 1125 894 quae
1168 813 1272 878 hic
1314 811 1604 889 facilius..
1663 834 1847 897 quam
1907 815 1973 881 in
2036 833 2167 882 uno

317 929 574 996 homine
611 927 980 1013 deprehendi
1021 929 1251 1012 possit.
1384 930 1876 1013 complectimur
1919 931 2003 998 ita
2043 932 2172 999 dis·

319 1045 770 1130 quisitionibus
814 1045 1050 1111 nostris
1104 1063 1226 1111 una
1278 1065 1420 1113 cum
1471 1046 1743 1112 hominis
1795 1052 2013 1115 natura
2062 1067 2171 1114 na·

319 1180 520 1230 turam
567 1178 885 1245 totamque
934 1161 1354 1229 conditionem
1408 1163 1722 1230 civitatisz
1761 1160 2009 1230 ‘civitas
2054 1184 2172 1230 no-

321 1279 422 1346 bis
470 1282 889 1364 spectaculum
948 1278 1063 1357 fit,
1151 1281 1219 1346 in
1278 1299 1408 1362 quo
1470 1284 1779 1348 hominem
1835 1297 1955 1348 tam
2008 1282 2174 1366 opti·

318 1414 530 1478 mum,
595 1417 777 1482 quam
822 1398 1194 1481 pessimum,
1269 1411 1390 1463 tam
1448 1398 1911 1476 beatissimum,
1985 1418 2169 1480 quatu

320 1515 730 1582 miserrimum
770 1530 1164 1598 spectemus»,
1212 1528 1283 1580 ut
1309 1514 1583 1600 judicare
1616 1515 1800 1580 nobis
1836 1514 2170 1595 aliquando

313 1632 398 1698 de
441 1631 804 1714 quaestione
850 1631 1027 1698 liceat
1052 1679 1076 1714 ,
1150 1631 1427 1697 omnium
1500 1629 1680 1697 facile
1738 1630 2166 1713 quaestionum

316 1749 395 1816 ad
448 1746 637 1815 vitam
702 1765 866 1815 recte
927 1748 1368 1815 instituendam
1441 1748 1912 1831 gravissimam,
1978 1766 2166 1827 num,

315 1865 456 1931 sine
507 1865 900 1932 emolumenti
952 1865 1144 1932 ullius
1203 1865 1598 1931 commodive
1650 1884 1801 1948 spe,
1863 1865 1943 1930 ad
1984 1865 2167 1930 vitam

315 1981 555 2048 beatam
588 1981 832 2066 justitia
886 1980 1173 2049 sufficiat.
1261 1981 1406 2047 Hoc
1463 1981 1621 2045 enim
1682 1982 1997 2059 consilio,
2043 1996 2173 2045 non

319 2096 591 2181 fingendi
650 2098 907 2173 studio,
984 2112 1057 2164 ut
1115 2099 1308 2181 vulgo
1373 2096 1753 2181 opinantur,
1835 2093 2170 2181 perfectam

321 2207 489 2275 illam
547 2209 986 2295 rempublicam
1034 2210 1216 2277 finxit
1272 2212 1473 2278 Plato,
1627 2210 1794 2277 Idem
1850 2228 1999 2281 vero
2059 2209 2170 2274 hac

319 2325 707 2408 disquirendi
789 2326 1402 2411 philosophandique
1499 2329 1737 2392 ratione
1826 2325 2171 2391 doctrinam

321 2461 562 2510 morum
625 2449 796 2511 tanta
857 2444 1150 2527 exposuit
1202 2464 1344 2510 cum
1406 2442 1711 2510 evidentia
1767 2458 1899 2508 tum
1958 2443 2175 2525 ampli·

316 2559 578 2643 tudine,
619 2566 850 2642 quanta
896 2564 1044 2631 haec
1089 2561 1154 2627 in
1194 2562 1600 2628 recentiorum
1650 2560 2169 2644 philosophorum

317 2677 572 2762 scriptis
621 2679 730 2745 vix
780 2679 922 2748 ullis
969 2697 1237 2760 unquam
1284 2678 1583 2762 explicata
1637 2691 1757 2744 est.
1886 2676 2049 2745 Nam
2101 2692 2173 2741 ut

316 2795 631 2861 civitatem
677 2794 866 2861 nobis
913 2796 1304 2878 spectandam
1364 2793 1695 2875 praebuit,
1758 2793 1822 2859 in
1871 2813 1993 2875 qua
2050 2793 2172 2858 vir·

318 2925 486 2976 tutes
550 2910 821 2978 hominis
897 2930 1160 2994 omnes,
1219 2913 1625 2995 sapientiam,
1692 2908 2169 2992 fortitudinem,

316 3028 822 3112 temperantiam,
865 3029 1193 3113 praecipue
1231 3043 1433 3094 autem
1474 3027 1775 3114 justitiam
1824 3029 2173 3110 explorare-

321 3162 502 3225 mus,
545 3145 632 3210 ita
689 3146 766 3210 ad
816 3145 1132 3212 hominem
1189 3145 1521 3228 deinceps,
1582 3148 1659 3210 ad
1707 3162 1952 3212 nosmet
1993 3147 2171 3228 ipsos

322 3278 585 3329 mentem
631 3279 905 3329 nostram
950 3262 1299 3342 convertit,
1343 3277 1416 3327 ut
1450 3263 1512 3328 in
1549 3261 1838 3343 homine,
1883 3262 1949 3328 in
1984 3260 2172 3327 nobis

322 3377 480 3460 ipsis
505 3379 830 3465 ‘civitatem
882 3398 1228 3462 omnesque
1269 3378 1537 3446 civitatis
1584 3399 1725 3447 cum
1777 3394 1982 3462 partes
2035 3392 2166 3444 tum

326 3496 588 3561 virtutes
642 3499 1088 3564 attenderemus
1136 3515 1204 3562 ac
1260 3497 1875 3581 deprehenderemus.
2016 3496 2171 3560 Arc-

325 3612 564 3679 tissima
606 3613 796 3698 igitur
832 3615 998 3697 apud
1038 3615 1354 3680 Platonem
1402 3629 1496 3680 est
1534 3614 1822 3703 politicae
1855 3610 2171 3677 doctrinae

319 3749 390 3796 ac
435 3731 692 3797 moralt's
741 3732 1184 3813 necessitud03
1270 3734 1457 3797 altera
1516 3745 1716 3796 autem
1774 3729 1947 3815 alteri
2004 3730 2170 3796 miri·

323 3845 441 3912 fiee
492 3848 772 3930 prodest.
903 3847 1064 3913 Nam
1130 3848 1392 3936 polsseica
1415 3894 1440 3927 ,
1504 3866 1585 3914 ne
1658 3847 1967 3915 civitatem
2020 3865 2173 3914 tam·

322 3984 507 4049 quam
561 3966 898 4035 machinam
974 3969 1277 4049 quandam
1336 3970 1433 4033 vel
1495 3983 1858 4043 construere
1927 3969 2029 4037 vel
2078 3968 2172 4033 in·

317 4099 558 4153 struere
612 4084 893 4170 partibus
945 4084 1300 4170 adaptandis
1360 4102 1660 4167 conetur,
1724 4087 1981 4152 hominis
2023 4102 2172 4168 pro·

2066 4200 2170 4263 ‘hi-
