2792 5167
1369 506 1761 570 ..140-

632 664 799 750 apud
849 683 993 734 eum
1057 681 1376 732 sermones
1438 666 1811 752 profluunt,
1871 671 1940 738 in
2013 686 2483 760 neutrampsr·

626 795 753 846 tem
798 778 1124 863 insignes:
1204 795 1325 844 nec
1384 795 1600 865 crepat
1665 782 1878 850 ubivis
1932 786 2101 854 vitae
2156 788 2484 856 austerita-

624 907 797 974 tem,
842 907 913 958 ut
940 890 1270 976 -propriam
1311 892 1531 960 virtuti
1555 881 1722 974 {nec
1754 916 1906 966 vero
1947 901 2196 969 levitate
2223 902 2365 987 ipse
2407 923 2482 971 ac

625 1009 968 1094 petulantia
1026 1010 1341 1076 exsultans
1397 1009 1663 1092 comici,
1732 1012 1794 1080 id
1832 1015 2172 1084 committit
2227 1017 2296 1085 in
2349 1039 2492 1088 mo-

627 1125 804 1193 ribus
826 1124 1363 1210 opinionibusque
1401 1127 1814 1212 exagitandis,
1853 1131 2027 1213 quod
2061 1131 2198 1200 fere
2225 1137 2490 1204 commi·

624 1241 729 1314 sit-
787 1241 1148 1323 Lucianus,
1211 1256 1284 1311 ut
1351 1261 1434 1309 ne
1491 1241 1614 1309 illis
1671 1245 1853 1312 etiam
1910 1262 2237 1331 parceret,
2312 1271 2482 1333 quae

619 1379 781 1428 cum:
822 1358 1116 1428 sensibus
1155 1375 1367 1427 essent
1408 1360 1671 1427 excelsis
1713 1362 2024 1445 rebusque
2055 1365 2284 1432 sanctis
2320 1385 2481 1434 con-

613 1480 855 1565 juncta.
945 1478 1233 1545 Socrates
1256 1525 1282 1560 ,
1322 1492 1396 1544 ut
1434 1477 1652 1562 paucis
1712 1477 1909 1545 dicam
1936 1524 1962 1560 ,
2006 1478 2072 1548 in
2111 1482 2250 1566 ejus
2286 1481 2485 1549 dialo·
2567 1533 2580 1540 .

625 1594 724 1681 gis
774 1609 982 1680 partes
1029 1594 1260 1675 habet,
1318 1613 1449 1660 non
1493 1594 1870 1680 Menippus.
1959 1594 2196 1663 Oneum
2250 1597 2486 1666 Lucia·

627 1730 750 1780 nus
797 1723 1001 1778 totum
1064 1724 1132 1776 et
1172 1707 1417 1777 fabulas
1456 1710 1536 1778 de
1602 1710 1722 1777 diis
1774 1725 1838 1778 et
1885 1711 2187 1780 heroibus
2222 1713 2316 1784 sic
2370 1733 2491 1782 no-

624 1827 731 1896 bis
801 1826 1187 1914 proposuit,
1246 1841 1320 1896 ut
1372 1828 1579 1914 legere
1626 1827 1813 1895 nobis
1861 1832 2110 1914 poetam
2173 1832 2486 1900 comicum

627 1946 991 2028 videamur,
1048 1965 1120 2013 ac
1162 1945 1469 2011 rideamus
1523 1944 1856 2012 identidem
1874 1953 1912 2029 ,¹
1956 1959 2027 2012 ut
2064 1945 2244 2030 plebs
2287 1947 2489 2015 ridere

624 2061 1103 2132 Atheniensium
1141 2061 1383 2127 solebat
1411 2106 1437 2142 ,
1480 2061 1835 2138 comoedias
1870 2076 2186 2147 spectans.
2241 2062 2481 2149 Tangit

626 2179 871 2248 easdem
924 2177 1170 2244 fabulas
1216 2178 1395 2244 Plato
1421 2222 1447 2258 ,
1509 2191 1580 2243 ut
1635 2179 1826 2244 modo
1865 2177 1932 2244 in
1988 2178 2229 2266 Gorgia
2290 2179 2485 2248 dialo-

629 2315 711 2384 go
772 2295 1045 2362 vidimus
1068 2341 1094 2377 ,
1135 2309 1200 2361 et
1235 2313 1388 2361 vero
1427 2293 2057 2363 celebratissimorum
2102 2297 2166 2363 in
2207 2297 2483 2381 republi-

628 2432 702 2479 ca
743 2411 1023 2478 virorum
1061 2409 1327 2493 ineptias
1381 2409 1649 2493 exagitat
1663 2409 1692 2493 ς’
1734 2411 1848 2478 sed
1904 2411 1995 2479 sic
2054 2409 2201 2481 facit
2244 2427 2484 2482 utrum-

631 2549 815 2613 que,
875 2541 948 2595 ut
1009 2527 1312 2611 prodesse
1360 2526 1659 2609 civibus,
1723 2527 1996 2597 Socratis
2062 2529 2308 2612 instar,
2350 2548 2483 2620 non

629 2648 875 2734 placere
893 2690 920 2730 ,
974 2662 1106 2711 non
1160 2641 1525 2728 gratificari,
1586 2662 1718 2711 non
1778 2645 1974 2714 risum
2032 2664 2318 2715 movere·
2344 2662 2484 2715 stu-

630 2765 796 2832 deat.
885 2761 1197 2830 Absurdis
1244 2758 1493 2828 fabellis
1538 2744 1851 2830 meliorem
1909 2763 2241 2856 substituit
2297 2764 2483 2832 simul

639 2881 720 2949 de
776 2877 993 2947 inferis
1054 2876 1398 2960 divinique
1470 2881 1692 2947 natura
1743 2880 2133 2964 doctrinam,
2216 2882 2282 2948 in
2339 2901 2483 2967 per·

628 2994 1008 3082 stringendis
1033 3006 1238 3060 autem
1268 2993 1422 3061 viris
1470 2995 1795 3080 praeclaris
1841 2998 2003 3063 haud
2058 3011 2301 3081 spectat
2338 2997 2484 3072 uni-‚-

630 3131 748 3194 ce,
816 3112 991 3195 quod
1038 3111 1421 3179 comicorum
1477 3125 1574 3179 est
1598 3159 1624 3195 ‚
1666 3111 1923 3182 ridendo
1957 3111 2162 3181 dicere
2208 3133 2424 3180 verum
2447 3161 2474 3196 ,

634 3229 750 3300 sod
798 3231 935 3297 veri
968 3229 1294 3315 justique,
1338 3229 1451 3297 sed
1489 3229 1737 3312 sancti,
1781 3229 1846 3296 in
1888 3230 2028 3314 ipsa
2063 3230 2262 3298 ironia
2297 3249 2475 3296 caus-
2529 3281 2540 3288 .

633 3369 769 3418 sam
818 3362 887 3417 et
950 3345 1360 3434 patrocinium
1401 3361 1636 3414 tuetur.
1740 3347 1903 3416 Nam
1964 3345 2166 3412 ironia
2200 3346 2485 3418 dominas

637 3483 744 3537 tur
794 3466 873 3534 in·
896 3469 1033 3552 ejus
1091 3463 1353 3549 dialogis
1394 3463 1742 3544 Socratica,
1783 3480 1918 3530 non
1963 3463 2189 3530 comici
2240 3476 2484 3548 proter-

631 3587 799 3654 vitas
841 3597 952 3652 aut
982 3580 1412 3650 contumacia:
1459 3580 1655 3648 risum
1705 3577 1894 3648 nobis
1937 3580 2161 3672 excitat
2183 3579 2350 3648 inter
2396 3584 2487 3650 le-

633 3703 905 3786 gendum
926 3698 1276 3780 Lucianus,
1319 3698 1498 3765 haud·
1526 3717 1710 3765 secus
1745 3711 1939 3783 atque
1975 3699 2479 3786 Aristophanes?

632 3817 699 3885 in
734 3818 994 3884 Platone
1041 3816 1302 3903 legendo
1342 3805 1767 3883 subridemus.

712 3932 835 4014 Est
857 3930 1050 4016 igltur
1086 3932 1200 3999 alia
1237 3933 1533 4016 quaedam
1553 3933 1870 4018 longeque
1899 3934 1979 3999 ab
2004 3930 2372 4000 Aristotelis
2407 3944 2477 3999 et

630 4024 896 4126 Luciani
914 4045 1154 4116 ratione
1169 4047 1424 4118 diversa
1439 4049 1744 4120 Platonici
1757 4049 1997 4138 dialogi
2018 4065 2268 4134 naturas.
2289 4045 2486 4150 Quod

888 4179 895 4186 ·
953 4167 957 4182 '
1461 4168 1468 4172 ’
2371 4182 2487 4230 au-
