2792 5167
1011 390 1415 446 *111—

356 556 522 629 Non
595 556 930 640 universe,
993 557 1251 641 inquit,
1323 554 1678 629 laudandus
1761 574 1862 626 est
1932 574 2140 641 amor,

281 676 468 757 quod
529 674 718 741 modo
783 675 1090 742 commisit
1164 678 1530 759 Phaedrus;
1616 675 1733 743 sed
1802 697 1837 742 a
1891 679 2149 762 wulgari

287 791 768 873 distinguendus
807 808 901 859 est
941 795 1224 862 Uranius
1247 842 1272 877 ,
1317 795 1591 863 Uraniae
1626 793 1894 861 Veneris
1926 810 2149 861 comes

286 924 351 973 et
411 910 681 995 adjutor.
771 911 928 977 Nam
971 932 1230 993 eorum,
1309 931 1469 994 quae
1524 926 1788 997 agunter
1842 909 2000 976 nihil
2050 925 2153 976 est

289 1026 499 1109 ipsum
554 1031 649 1093 vel
712 1028 1038 1099 honestum
1093 1033 1192 1095 vel
1236 1044 1459 1114 turpe,
1504 1030 1700 1097 veluti
1761 1048 1920 1111 quae
1972 1044 2147 1094 nunc

289 1144 568 1227 agimus,
614 1146 824 1213 bibere
848 1195 872 1230 ‚
915 1166 1181 1228 canere,
1222 1148 1547 1228 conoqui3
1594 1149 1706 1213 sed
1734 1149 1970 1227 mode,
2011 1164 2146 1228 quo

286 1280 352 1327 ea
409 1261 806 1333 instituimus
832 1311 859 1344 ‚
918 1283 998 1329 eo
1061 1265 1168 1327 vel
1226 1263 1491 1327 honesta
1546 1262 1709 1327 fiunt
1746 1264 1849 1326 vel
1915 1262 2143 1344 turpia.

287 1379 394 1445 Sic
454 1400 732 1446 amorem
757 1427 783 1460 ‚
841 1397 976 1443 non
1017 1396 1264 1445 omnem
1317 1392 1571 1460 oportet
1622 1368 1929 1443 celebrare
1954 1423 1981 1457 ,
2047 1379 2157 1447 sed

288 1515 441 1562 eum
495 1495 727 1575 unice,
814 1495 926 1577 qui
977 1513 1178 1559 amare
1250 1510 1369 1559 nos
1433 1493 1615 1578 jubet
1668 1495 1955 1561 honeste.
2039 1494 2164 1559 Est

295 1626 507 1683 autem
563 1608 928 1696 hujusmodi
988 1612 1135 1693 ille,
1184 1623 1254 1676 ut
1318 1629 1449 1676 non
1508 1627 1761 1694 peragat
1808 1609 2166 1695 promiscue

293 1729 726 1811 quodcunque
782 1728 1089 1795 labuerit:
1136 1749 1294 1812 quae
1323 1728 1601 1812 vulgaris
1643 1744 1749 1795 est
1803 1727 2037 1795 amoris
2066 1749 2164 1794 ra-

288 1847 412 1914 ti0.
497 1848 663 1914 Nam
718 1849 952 1930 vulgus
998 1847 1301 1913 foeminas
1363 1847 1513 1911 item
1575 1860 1736 1913 amat
1806 1860 1871 1912 et
1919 1846 2164 1929 quaerit

295 1963 761 2033 amentissimus
777 2011 803 2045 ‚
845 1982 979 2044 quo
1029 1961 1280 2028 facilius
1315 1961 1607 2029 libidines
1656 1964 1922 2044 expleat.
1969 1965 2166 2029 Amor

303 2098 459 2144 vero
503 2080 774 2147 Uranius
833 2092 1100 2149 mentem
1165 2080 1368 2149 multo
1416 2079 1613 2161 magis
1638 2127 1663 2160 ‚
1707 2097 1893 2160 quam
1939 2096 2170 2160 corpus

305 2196 600 2281 respicit:
647 2197 886 2280 quique
927 2216 1004 2262 eo
1047 2198 1366 2279 ducuntur
1384 2246 1409 2281 ,
1456 2196 1883 2262 adolescentes
1918 2210 2126 2261 amant
2144 2242 2168 2278 ,

312 2332 442 2381 non
506 2313 806 2381 foeminas
832 2362 858 2396 ‚
924 2314 1162 2398 quippe
1224 2315 1335 2396 qui
1394 2318 1619 2380 natura
1686 2329 1841 2381 sunt
1890 2315 2179 2397 philoso-

308 2430 495 2514 phiae
546 2431 848 2515 aptiores·
935 2432 1202 2499 Difficile
1240 2448 1336 2498 est
1377 2432 1443 2497 in
1495 2435 1608 2499 hac
1653 2447 1871 2501 nostra
1916 2431 2174 2499 civitate

309 2547 424 2615 rite
474 2546 777 2630 definire,
843 2548 996 2632 quid
1035 2550 1115 2615 de
1167 2570 1374 2618 amore
1418 2566 1695 2617 statuant
1738 2554 1934 2633 leges.
2002 2552 2172 2618 Nam

313 2665 556 2731 favetur
607 2665 966 2732 amantibus
984 2714 1009 2746 ‚
1069 2667 1200 2730 imo
1255 2669 1626 2733 conceditur
1678 2668 1807 2731 inis
1828 2713 1854 2746 .,
1916 2681 1990 2730 ut
2047 2686 2177 2732 set·

317 2779 494 2846 viant
550 2781 736 2845 aliis:
786 2781 967 2860 quod
1027 2778 1095 2843 in
1146 2781 1407 2845 caeteris
1460 2783 1653 2846 rebus
1713 2800 2025 2845 summum
2086 2797 2182 2848 est

319 2898 641 2963 dedecus:
689 2909 754 2959 et
790 2908 1054 2975 contra,
1102 2894 1248 2959 filiis
1299 2897 1691 2979 paedagogos
1744 2895 2036 2961 adhibent
2080 2917 2186 2981 pa·
2266 2988 2277 2993 ς

313 3006 594 3097 rentes,‘
657 3012 772 3096 qui
848 3028 1108 3078 caveant
1165 3031 1244 3078 ne
1312 3033 1450 3080 cum
1513 3013 1653 3079 aliis
1710 3015 2173 3097 colloquantur.

312 3136 438 3205 Sed
469 3131 762 3216 quamvis
799 3130 1151 3213 contraria,
1194 3131 1601 3219 conciliantur
1649 3133 1799 3198 haec
1837 3132 2173 3217 facillime,

307 3254 360 3321 si
411 3251 718 3321 Uranium
778 3268 1054 3316 amorem
1094 3269 1129 3315 a
1169 3249 1405 3332 vulgari
1442 3249 1936 3319 distinxerimus.
1980 3253 2175 3318 Hunc

315 3366 675 3450 fugiendum
733 3384 1111 3448 censemus,
1154 3380 1226 3432 ut
1273 3370 1499 3434 malum
1543 3368 1985 3452 gravissimum
2015 3412 2039 3444 ‚
2105 3367 2181 3429 il·
2263 3366 2269 3375 '

319 3485 450 3548 lum
483 3485 980 3550 commendamus
1004 3531 1030 3563 ‚
1068 3496 1141 3547 ut
1169 3483 1391 3549 virtuti
1424 3500 1936 3551 consentaneum.
1985 3480 2184 3545 Amo-

323 3598 415 3663 ris
477 3599 632 3663 enim
674 3601 878 3665 eadem
921 3614 1020 3666 est
1065 3619 1133 3665 ac
1184 3599 1443 3666 virtutis
1500 3600 1684 3665 ratio·
1776 3598 2186 3682 Quicumque

318 3713 600 3797 aliquem
660 3713 808 3779 colit
855 3717 968 3783 hac
1019 3736 1180 3800 spe,
1225 3732 1298 3781 ut
1353 3718 1488 3799 ejus
1549 3711 2009 3778 consuetudine
2062 3733 2185 3797 me-

314 3834 445 3907 lior
529 3829 635 3897 fiat
708 3847 768 3897 et
835 3832 1215 3914 sapientior,
1296 3830 1611 3896 laudatur.
1674 3827 1999 3896 ⁸Similiter
2071 3830 2184 3916 qui

312 3946 706 4036 gratificatur
747 3948 965 4034 alteri,
1026 3966 1098 4016 ut
1144 3950 1377 4017 virtute
1433 3946 1901 4033 progrediatur,
1967 3970 2185 4033 quam-

2083 4080 2184 4127 v1s
