2792 5167
1070 419 1436 480 Fui-210·-

300 589 410 668 hic
466 594 679 679 aperit
717 597 791 661 ad
830 592 1122 662 criticum
1166 596 1445 665 Platonis
1505 595 1802 662 studium·
1816 643 1842 678 ‚
1918 615 2044 679 quo
2080 619 2188 670 ne·

312 716 571 797 giemo,
604 731 782 780 nemo
820 726 1045 797 putet,
1088 733 1159 780 se
1196 715 1275 780 ad
1316 714 1617 780 interiora
1648 714 2016 782 Platonicae
2062 718 2196 802 phi-

314 828 642 912 losophiae
680 849 850 898 sacra
907 830 1234 916 pervenire
1277 851 1496 915 posse.
1590 832 1715 898 Sed
1756 832 1932 902 aditu
1991 836 2200 900 reclu-

313 945 522 1020 ωᾱο
573 963 906 1015 contentus
953 947 1157 1016 fuisse
1201 948 1456 1017 videtur
1511 949 1956 1017 Ruhnkenius.
2044 951 2197 1018 Phi-

308 1065 767 1148 losephandum
841 1069 1063 1150 paucis
1134 1067 1445 1133 ducebat:
1526 1085 1667 1133 nam
1731 1068 1992 1133 omnino
2054 1085 2193 1134 non

296 1182 603 1266 placebat.
706 1186 803 1252 Et
840 1184 1027 1267 quod
1067 1184 1296 1266 Nepos
1343 1184 1433 1250 ait
1497 1184 1577 1249 de
1637 1185 1852 1250 Attico
1871 1232 1899 1267 ,
1965 1189 2191 1272 attigit

294 1322 539 1387 quoque
597 1305 893 1390 poeticen
916 1347 942 1380 .,
1012 1299 1319 1389 credimus
1340 1347 1365 1381 ‚
1433 1322 1510 1364 ne
1571 1302 1699 1370 eius
1759 1318 1976 1389 expers
2039 1318 2192 1369 esset

290 1421 647 1486 suavitatis
672 1465 703 1499 ‚
784 1417 954 1484 idem
1022 1416 1130 1482 ille
1149 1463 1174 1497 ‚
1258 1431 1424 1482 teste
1485 1416 1978 1499 Wyttenbachio
2004 1465 2030 1500 ‚
2117 1420 2194 1483 de

300 1531 529 1596 studio
576 1550 620 1595 a
667 1550 741 1596 se
796 1529 1244 1612 philosophiae
1304 1529 1628 1611 impertito
1687 1533 1891 1597 dicere
1936 1535 2198 1600 solebat.

300 1644 708 1712 Suavitatem
750 1644 965 1726 enim,
1026 1643 1432 1730 elegantiam,
1480 1663 1868 1714 venustatem
1915 1647 1980 1714 in
2028 1651 2198 1717 omni

292 1762 723 1848 scriptionum
770 1781 997 1848 genere
1022 1811 1048 1844 ,
1103 1763 1494 1848 philosopho
1534 1765 1757 1846 etiam,
1829 1767 2194 1851 exquirebat

288 1880 778 1950 studiosissime
818 1897 883 1947 et
918 1878 1284 1947 felicissime
1344 1883 1844 1965 deprehendebat
1886 1899 2077 1966 atque
2123 1886 2192 1951 in

296 2001 521 2066 lucem
563 1996 955 2079 proferebat.
1039 1995 1191 2060 Hoc
1222 1998 1570 2077 procedens
1612 1998 1832 2063 itinere
1890 2000 2198 2065 Ruhnke·

296 2113 457 2190 ‚nius
516 2112 590 2180 in
654 2111 917 2180 criticis
988 2111 1323 2195 excelluit,
1384 2112 1453 2179 in
1497 2113 1706 2198 iisque
1747 2114 1906 2182 adeo
1969 2116 2204 2200 princi.-

288 2249 523 2318 patum
571 2230 897 2300 obtinuit:
943 2249 1086 2298 nam
1120 2231 1462 2299 accedebat
1498 2232 1596 2299 his
1644 2233 1906 2300 dotibus
1953 2247 2017 2300 et
2060 2250 2200 2301 stu.

296 2350 427 2418 diis
496 2350 806 2416 immensa
866 2347 1154 2415 doctrina
1229 2364 1292 2414 et
1372 2368 1507 2416 rara
1570 2351 1871 2433 quaedam
1944 2353 2200 2417 solertia

290 2466 568 2549 critica,
615 2485 806 2550 quam
853 2466 1111 2534 acuebat
1154 2466 1418 2534 mirifice
1463 2468 1798 2536 acerrimus
1839 2468 1948 2536 ille
1992 2469 2200 2553 pulcri

284 2605 531 2655 sensus
554 2605 580 2651 ι
650 2600 717 2650 et
787 2585 968 2652 edere
1026 2585 1345 2652 Platonem
1393 2586 1486 2652 sic
1532 2586 1853 2671 potuisset
1876 2633 1902 2667 ‚
1958 2603 2034 2654 ut
2074 2589 2198 2656 eles·

294 2703 661 2787 gantiorem
674 2747 706 2780 .,
748 2701 906 2766 adde
933 2714 999 2763 et
1030 2701 1375 2766 doctiorem
1410 2701 1982 2784 accuratioremque
2002 2704 2204 2787 scrip.-

301 2820 475 2886 toris
540 2813 1125 2896 interpretationem
1192 2817 1366 2879 nulla
1427 2834 1726 2894 umquam
1788 2830 1956 2880 aetas
1999 2818 2208 2884 visura

298 2935 605 3016 fuissem
676 2929 793 2998 sed
849 2927 1322 3014 philosophiam
1384 2929 1620 2996 tradere
1642 2977 1667 3012 ‚
1713 2928 2010 3016 Logicam
2053 2954 2206 3002 con-

290 3053 636 3133 seribere,
714 3046 952 3135 placita
1016 3048 1320 3132 explicare
1389 3048 1912 3134 philosophorum
1992 3054 2202 3122 abdita

288 3173 492 3244 etiam
545 3183 611 3236 et
648 3165 977 3236 recondita
1000 3188 1023 3232 ε
1068 3167 1546 3250 wyttenbachii
1592 3169 1715 3236 hoc
1759 3189 1985 3240 munus
2031 3170 2155 3239 fuit
2173 3193 2196 3238 ε

286 3292 475 3360 haud
520 3286 727 3355 finisse
769 3284 1026 3351 videtur
1068 3282 1451 3352 Ruhnkenii.

392 3402 947 3489 wyttenbachius
1004 3402 1267 3488 juvenili
1328 3418 1523 3472 aetate
1578 3404 1739 3488 quid
1801 3405 1928 3470 sibi
1972 3403 2206 3483 venet„

314 3523 486 3607 quid
510 3536 831 3607 appeteret
855 3569 882 3605 ,
925 3520 1031 3590 cui
1076 3521 1427 3590 studiorum
1474 3522 1688 3607 generi
1734 3540 1805 3587 se
1846 3520 2160 3587 addiceret
2181 3563 2207 3601 ,

304 3657 467 3714 ,non
496 3640 886 3721 reperiebat:
932 3639 1043 3706 sed
1084 3655 1386 3710 errantem
1420 3641 1534 3707 diu
1576 3654 1641 3705 et
1690 3654 1771 3700 ex
1806 3635 1945 3700 aliis
1992 3634 2060 3699 in
2094 3637 2208 3706 alia

302 3758 581 3830 incerto
626 3770 937 3836 vagantem
962 3800 989 3836 ‚
1049 3755 1236 3821 ecce!
1303 3755 1626 3835 extemplo
1675 3748 1888 3831 ipsum
1929 3749 2099 3833 capit
2142 3752 2208 3818 in

312 3873 767 3958 Xenophonte
827 3872 1083 3955 legendo
1146 3869 1368 3937 nescio
1415 3868 1571 3951 quid
1615 3863 1990 3933 suavitatis:
2038 3869 2212 3951 quod

304 3991 468 4082 ipse
510 3987 665 4057 mihi
713 4004 904 4073 saepe
942 3987 1215 4056 narravit
1261 4004 1469 4054 coram
1493 4034 1518 4068 ‚
1593 3997 1656 4050 et
1711 3981 1966 4066 publice
2029 3983 2214 4054 etiam

1216 4102 1265 4168 B
1315 4124 1348 4188 3
2013 4097 2214 4179 scrip-
