2792 5167
1469 457 1832 521 eun-16⁶·

713 653 774 703 et
826 631 965 705 aliis
1008 633 1377 703 satisfacias.
1467 633 1660 700 Haud
1702 633 1954 715 quidem'
2008 631 2228 698 deesse
2280 633 2425 698 huic
2454 631 2564 698 lin·

710 775 868 841 guae
912 755 1092 820 dotes
1137 754 1323 838 plane
1366 750 1713 834 singulares
1733 797 1761 832 ,
1822 749 2077 833 gratiam
2100 796 2123 830 ,
2194 748 2566 816 concinnius

706 886 830 940 tem
852 918 876 950 ‚
932 869 1319 952 gravitatem.
1425 868 1602 956 Quid
1656 868 1820 933 enim
1887 867 2218 935 Ciceronis
2291 866 2567 952 epistolia

707 987 1047 1070 elegantius
1068 989 1101 1055 2
1146 987 1322 1074 Quid
1380 988 1517 1072 eJ‘us
1577 986 1970 1054 orationibus
2014 987 2266 1069 gravius
2311 1002 2372 1053 et
2413 1004 2570 1070 mag-⁶

704 1104 1115 1171 nificentius?
1185 1104 1499 1189 Epistolis
1561 1104 1687 1172 illis
1740 1105 1834 1172 nil
1899 1104 2103 1172 simile
2181 1107 2573 1189 protulerunt

704 1242 999 1305 umquam
1052 1222 1301 1289 Literae
1361 1223 1661 1290 Graecae.
1769 1224 1897 1291 Sed
1937 1224 2192 1303 deesse,
2245 1221 2313 1287 in
2345 1219 2576 1286 formae

703 1342 1280 1424 commendatione,
1348 1343 1480 1409 vim
1534 1342 1886 1416 interiorem
1904 1388 1928 1423 ,
1986 1340 2230 1426 copiam
2249 1387 2275 1422 ‚
2337 1338 2579 1404 uberta-⁶

704 1474 857 1526 tem.
946 1460 1137 1526 Haud
1198 1459 1361 1525 inest
1421 1459 1714 1542 linguae,
1781 1459 2027 1526 dicebat
2048 1509 2074 1540 ‚
2135 1442 2601 1543 philosophias¹

708 1576 885 1660 quod
932 1595 1152 1642 omnes
1207 1593 1356 1642 sunt
1411 1578 1653 1661 experti
1673 1625 1698 1659 ,
1759 1578 1873 1659 qui
1927 1576 2156 1645 Latine
2212 1575 2586 1642 studuerunt

709 1692 1191 1775 philosophari,
1239 1694 1414 1772 quod
1451 1712 1670 1775 reapse
1704 1692 1931 1776 probat
1989 1694 2126 1775 ipsa
2166 1693 2378 1775 lingua
2402 1737 2427 1771 ,
2471 1709 2588 1755 no-

709 1825 855 1872 men
902 1808 1138 1891 quippe
1174 1807 1614 1891 philosophiae
1649 1809 1898 1874 aliunde
1935 1822 2153 1888 nacta,
2191 1806 2452 1891 proprio
2485 1824 2588 1873 ca-

708 1942 878 1989 rens·
966 1924 1070 1992 Eo
1121 1939 1274 1989 vero
1321 1924 1521 2010 magis
1579 1925 1647 1991 id
1698 1925 1996 1992 omnibus
2052 1925 2361 2009 agendum
2387 1971 2413 2007 ,
2475 1926 2591 2009 qui

708 2039 775 2106 in
824 2040 1022 2108 literis
1074 2041 1273 2109 velint
1320 2045 1658 2126 excellere,
1716 2057 1790 2110 ut
1837 2064 1874 2110 a
1924 2043 2186 2111 Graecis
2223 2044 2593 2126 ordiantur,

709 2158 777 2228 in
820 2159 1055 2243 quibus
1096 2165 1531 2247 φιλοσοφία
1591 2176 1653 2225 et
1693 2160 1950 2225 nomine
1994 2174 2056 2224 et
2093 2179 2176 2225 ²re
2231 2175 2474 2241 exstat,
2529 2175 2599 2226 et

711 2289 1033 2361 praeparat
1088 2275 1333 2343 animos
1378 2276 1461 2341 ad
1501 2275 1866 2342 Latinarum
1913 2275 2192 2342 studium
2231 2277 2546 2343 literarum
2567 2316 2598 2357 ‚

712 2394 844 2462 imo
882 2393 962 2461 ad
1011 2394 1212 2459 nullas
1264 2412 1399 2460 non
1449 2408 1613 2460 artes
1664 2408 1728 2460 et
1770 2393 2087 2460 doctrinas
2131 2409 2194 2459 et
2228 2391 2412 2460 facile
2451 2413 2602 2478 per·-

709 2512 1028 2594 cipiendas
1094 2526 1157 2577 et
1204 2528 1457 2578 strenue
1499 2513 1957 2595 provehendas.
2049 2512 2223 2579 Haec
2297 2512 2606 2594 wytten-

712 2629 1014 2696 bachius:
1063 2628 1174 2712 qui
1214 2648 1363 2696 sane
1423 2630 1599 2712 quod
1655 2629 1794 2696 aliis
1832 2629 2294 2715 praecipiebat,
2340 2627 2608 2712 ipseaet

712 2763 970 2816 secutus
1006 2745 1207 2814 fuerat
1247 2761 1312 2813 et
1354 2746 1735 2831 sequebatur
1775 2762 2157 2814 constanter.
2245 2745 2410 2814 Nam
2451 2763 2610 2830 cap-

716 2881 824 2933 tus
875 2886 911 2934 a
954 2885 1151 2952 puero
1206 2866 1320 2932 hac
1368 2866 1619 2951 linguae
1676 2867 1952 2933 Graecae
1993 2880 2054 2932 et
2104 2864 2484 2931 Graecarum
2527 2862 2614 2929 li-

719 3000 987 3050 terarum
1040 2983 1321 3050 ubertate
1355 2998 1421 3048 et
1469 2983 1813 3066 elegantia,
1858 2982 1965 3048 diu
2001 2981 2067 3047 in
2103 2981 2277 3047 hisce
2315 2995 2614 3047 versatus

721 3114 819 3168 est
878 3114 941 3164 et
982 3098 1290 3165 habitavit
1332 3100 1559 3180 plane,
1603 3113 1971 3180 anteaquam
2020 3097 2101 3162 ad
2147 3095 2409 3162 Latinas
2455 3115 2620 3178 pro·-

720 3214 1103 3299 grederetur.
1206 3213 1379 3284 Tum
1445 3234 1598 3282 vero
1664 3207 1731 3280 in
1798 3215 2054 3298 Nepote
2078 3261 2103 3296 ,
2165 3213 2232 3279 in
2292 3214 2626 3282 Cicerone

722 3332 998 3401 Atticam
1031 3330 1500 3416 deprehendens
1529 3331 1785 3414 gratiam
1831 3346 1896 3398 et
1941 3331 2068 3398 vim
2112 3330 2564 3414 philosopham
2591 3375 2625 3415 ‚

725 3449 861 3535 pari
909 3463 1209 3533 utrasque
1246 3463 1456 3516 amore
1501 3450 1825 3533 amplexus
1856 3464 1978 3516 est.
2080 3449 2220 3515 Nec
2263 3447 2626 3531 quidquam

723 3565 947 3634 habuit
993 3585 1107 3649 per
1151 3579 1346 3633 totam
1386 3565 1579 3634 vitam
1627 3566 1950 3650 antiquius
1971 3614 1996 3648 ,
2059 3586 2247 3649 quam
2313 3581 2386 3632 ut
2437 3566 2630 3633 cole-

730 3698 825 3752 ret
861 3684 1042 3767 illas,
1083 3683 1370 3769 aliosque
1424 3684 1507 3752 ad
1553 3705 1656 3752 eas
1705 3684 2000 3751 colendas
2055 3684 2352 3751 excitaret
2393 3698 2455 3750 et
2501 3681 2626 3750 ad-

731 3799 1011 3870 duceret.
1117 3803 1245 3871 Sed
1293 3817 1367 3870 ut
1408 3823 1479 3871 ea
1509 3817 1672 3888 quae
1731 3803 1919 3871 nobis
1988 3804 2235 3888 placent
2260 3851 2285 3886 ,
2343 3801 2629 3885 diligen-

728 3917 861 3984 tius
899 3919 1178 3986 solemus
1219 3921 1534 3988 attendere
1554 3969 1579 4003 ,
1622 3938 1687 3988 et
1736 3921 1792 3989 si
1839 3920 1997 4006 quid
2033 3920 2198 3989 adsit
2219 3968 2243 4002 ,
2290 3919 2466 4002 quod
2505 3921 2630 3986 vel

734 4033 1060 4118 displiceat
1078 4081 1103 4118 ,
1145 4038 1250 4103 vel
1287 4054 1420 4112 non
1451 4040 1636 4122 plane
1667 4039 1974 4108 continuo
2018 4050 2224 4123 pateat
2240 4082 2265 4120 ‚
2321 4035 2389 4104 id
2433 4051 2636 4120 pate-

2429 4152 2442 4160 “
2517 4149 2638 4221 fa-
