2792 5167
1459 453 1848 530 -·—·-48·--

742 649 873 701 eam
934 634 1309 716 reperiemus
1359 643 1643 696 accurate
1694 649 1729 694 a
1776 649 1981 696 rerum
2029 630 2289 698 scientia
2335 647 2396 698 et
2445 634 2584 699 doc·

736 750 934 815 trinae
998 747 1235 813 ratione
1300 745 1683 812 distinctam.
1772 743 2019 811 Primus
2077 747 2277 814 veluti
2347 747 2584 831 signum

735 866 992 933 sustulit
1030 865 1420 947 Pythagoras
1437 912 1463 945 ‚
1505 863 1859 929 reconditae
1915 862 2013 929 vir
2065 864 2386 932 doctrinae
2404 912 2430 947 ‚
2480 883 2588 933 nec

735 983 850 1050 ulli
913 983 1265 1065 sapientum
1287 1031 1312 1065 ‚
1374 981 1486 1064 qui
1551 982 1644 1049 sic
1717 982 2189 1066 appellabantur
2202 1029 2240 1065 ,.
2294 983 2590 1068 sapientia

732 1102 993 1169 cedens:
1058 1102 1170 1184 qui
1223 1099 1363 1166 aliis
1426 1100 1775 1168 concedens
1832 1116 1895 1165 et
1944 1116 2174 1166 nomen
2237 1109 2471 1187 σοφοῦ
2532 1117 2593 1167 et

732 1221 1081 1301 honorem,
1125 1218 1251 1286 sibi
1303 1219 1441 1302 ipse
1473 1218 1818 1285 modestam
1859 1218 2118 1302 expetiit
2166 1224 2593 1305 φιλοσόφου

727 1337 1230 1422 appellationem.
1320 1336 1528 1421 Cujus
1585 1338 1936 1420 exemplum
1984 1349 2127 1402 cum
2162 1336 2332 1403 ultro
2371 1354 2593 1420 seque·-

729 1470 945 1522 rentur
994 1468 1314 1537 quotquot
1366 1474 1444 1519 ex
1508 1454 1642 1539 ejus
1719 1455 1936 1520 schola
1988 1453 2322 1538 prodibant
2367 1468 2432 1521 et
2479 1474 2592 1538 per

732 1572 1084 1639 universam
1139 1555 1467 1639 Graeciam
1529 1568 2066 1638 distribuebantur
2123 1567 2596 1653 praeclarissimi

729 1690 851 1755 viri
870 1733 896 1771 ‚
976 1691 1201 1754 horum
1261 1685 1500 1752 factum
1552 1702 1650 1751 est
1703 1685 2073 1753 auctoritate
2092 1734 2119 1768 ,
2181 1701 2255 1754 ut
2304 1684 2600 1768 sapienti·

729 1807 852 1870 bus
926 1804 1036 1886 qui
1095 1800 1569 1867 celebrabantur
1586 1846 1612 1881 ,
1671 1795 1884 1866 ubivis
1931 1802 2334 1874 succederent
2388 1802 2601 1886 philo·

728 1921 943 2006 sophi.
1042 1921 1206 1989 Esse
1249 1933 1454 1988 autem
1503 1937 1650 1984 cum
1705 1917 1980 1985 nominis
2023 1919 2306 1987 novitate
2363 1936 2598 1988 novam

726 2039 1122 2125 conjunctam
1180 2034 1671 2120 philosophandi
1736 2033 2037 2100 rationem
2059 2081 2084 2117 ,
2157 2049 2230 2100 ut
2284 2032 2600 2119 significa·

725 2170 904 2225 verat
955 2155 1340 2240 Pythagoras
1362 2200 1387 2234 ‚
1449 2151 1537 2217 ita
1586 2150 1699 2217 suo
1755 2151 2049 2236 deinceps
2103 2153 2402 2237 exemplo·
2449 2171 2602 2235 pro-

727 2274 902 2341 bavit
930 2273 1244 2340 Socrates.
1330 2271 1393 2337 1³
1437 2267 1787 2334 incredibili
1829 2270 2060 2336 ductus
2106 2267 2385 2338 discendi
2423 2288 2601 2337 amo·

728 2412 797 2458 re
818 2437 841 2472 ‚
883 2403 1124 2456 tantum
1178 2407 1247 2453 se
1296 2387 1515 2453 abesse
1573 2408 1609 2454 a
1657 2386 1965 2471 sapientia
2017 2401 2083 2452 et
2138 2405 2343 2453 rerum
2388 2387 2598 2454 scien-

727 2506 816 2573 tia
855 2502 1266 2589 profitebatur
1291 2550 1316 2585 ‚
1357 2515 1434 2571 ut
1467 2500 1626 2569 nihil
1659 2522 1729 2568 se
1774 2502 1935 2569 scire
1978 2502 2381 2586 profiteretur
2399 2549 2424 2584 ‚
2467 2504 2604 2572 nisi

726 2626 849 2692 hoc
908 2640 1101 2689 unum
1128 2668 1153 2703 ‚
1232 2618 1393 2686 nihil
1466 2638 1535 2685 se
1584 2618 1769 2686 scire.
1874 2619 2019 2707 Qua
2066 2636 2215 2685 sane
2282 2620 2602 2688 sententia

726 2743 894 2811 haud
953 2757 1089 2808 esse
1131 2738 1381 2805 videtur
1402 2784 1426 2819 ‚
1507 2754 1668 2818 quae
1706 2754 1925 2803 verum
1980 2733 2434 2821 philosophum
2489 2739 2606 2805 de·

726 2876 865 2927 ceat
905 2859 1137 2942 magis:
1184 2857 1375 2924 modo
1417 2868 1586 2921 recte
1625 2853 1991 2938 accipiatur.
2074 2854 2149 2921 In
2187 2854 2374 2922 rebus
2428 2855 2605 2922 enim

728 2977 1119 3061 gravioribus
1161 2972 1494 3040 tractandis
1513 3019 1539 3054 ,
1566 2972 1912 3038 cavendum
1945 2971 2011 3036 id
2045 2970 2312 3040 maxime
2352 2988 2490 3055 est,
2514 2992 2605 3040 ne

722 3094 883 3177 quid
926 3108 1216 3173 tanquam
1274 3108 1490 3155 verum
1538 3088 1629 3154 sic
1675 3101 2021 3155 statuamus
2042 3135 2066 3170 ,
2110 3090 2325 3157 nullus
2369 3105 2442 3155 ut
2499 3111 2608 3157 re·

719 3212 1044 3293 linquatur
1109 3204 1488 3273 dubitationi
1543 3220 1605 3271 et
1644 3204 2088 3291 perquisitioni
2149 3207 2355 3274 locus.
2445 3206 2607 3275 Hoc

722 3326 891 3396 enim
943 3323 1279 3408 sapientiae
1334 3338 1431 3390 est
1465 3342 1741 3405 manu-5,
1807 3325 1988 3409 cujus
2057 3322 2223 3388 haud
2261 3340 2455 3405 capax
2495 3341 2613 3392 est

723 3462 945 3517 natura
990 3446 1280 3511 humana.
1374 3443 1500 3510 Sed
1551 3439 1865 3524 inquirere
1929 3438 1995 3504 in
2049 3457 2150 3506 res
2205 3454 2423 3508 omnes
2446 3485 2472 3520 ‚
2519 3456 2612 3507 ut

723 3583 932 3633 earum
992 3562 1274 3646 ignarum
1337 3578 1643 3646 prorsus,
1684 3575 1891 3640 neque
1931 3554 2305 3638 inquirendo
2348 3573 2610 3625 cessare

721 3701 1059 3766 umquam,
1102 3679 1341 3763 quippe
1371 3693 1712 3757 numquam
1750 3675 2099 3758 explentem
2137 3666 2390 3758 penitus
2421 3693 2607 3741 acer-

724 3798 947 3866 rimum
1006 3796 1283 3864 discendi
1327 3791 1853 3878 perquirendique
1911 3790 2229 3859 studium:
2295 3792 2419 3858 hoc
2486 3792 2609 3857 de·

727 3929 897 3981 mum
943 3913 1307 3997 philosophi
1350 3926 1446 3977 est
1469 3959 1492 3994 ‚
1552 3909 1837 3992 idemque
1880 3910 2181 3977 humanae
2225 3909 2416 3976 menti
2453 3908 2612 3974 uni·

727 4051 798 4100 ce
855 4046 1225 4110 congruum.

2431 4137 2612 4206 Sim-
