2792 5167
1438 512 1649 559 -αα
1690 477 1795 545 -’

670 675 748 742 de
779 670 965 741 rebus
1001 683 1225 739 eorum
1282 677 1350 738 te
1399 671 1608 754 deque
1648 672 1809 757 ipsis
1849 687 2131 756 rogarem
2154 716 2180 752 ,
2224 683 2374 736 num
2428 668 2545 751 qui

671 790 800 857 illic
858 788 1288 855 adolescentes
1354 786 1421 853 in
1485 788 1887 873 geometr-iam
1937 786 2135 852 aliave
2192 784 2403 850 studia
2451 784 2556 849 in·

672 901 1090 985 cumbarum
1167 919 1338 970 nunc
1395 917 1550 968 vero
1616 903 1824 971 minus
1897 902 2042 968 illos
2068 947 2094 983 ,
2180 919 2371 984 quam
2426 900 2558 966 hos

676 1032 940 1087 nostros
1007 1036 1147 1084 amo
1169 1059 1195 1098 ,
1262 1018 1586 1103 magisque
1665 1018 1929 1086 novit-‚se
2007 1036 2211 1098 ave0‚
2290 1015 2560 1099 quinam

681 1136 857 1223 apud
915 1154 1035 1203 nos
1097 1136 1530 1206 adolescentes
1592 1136 1825 1203 virtute
1879 1134 2209 1202 videantur
2264 1133 2560 1218 insigna

685 1250 915 1322 futuri.
1022 1252 1168 1320 Hoc
1248 1270 1369 1338 ego
1451 1267 1517 1322 et
1574 1253 1712 1337 ipse
1782 1253 2046 1337 exploro
2122 1271 2242 1337 pro
2301 1250 2556 1319 viribus

687 1387 757 1441 et
831 1371 990 1440 alios
1065 1389 1224 1458 rogo
1241 1416 1268 1454 ,
1329 1369 1712 1455 quibuscum
1767 1371 2031 1456 juvenes
2084 1369 2269 1436 video
2330 1351 2591 1435 luben?

690 1501 787 1557 ter
837 1503 985 1557 esee
1043 1508 1215 1572 una3
1275 1502 1342 1555 te
1419 1502 1628 1556 autem
1703 1487 1871 1554 haud
1943 1486 2128 1573 pauci
2200 1500 2563 1553 sectantum

693 1606 1207 1674 necimmerito:
1255 1624 1397 1672 nam
1442 1606 1670 1689 dig-nus
1707 1623 1925 1673 eorum
1987 1605 2203 1684 studio
2262 1606 2579 1673 etomni·

696 1740 784 1792 no
813 1741 887 1789 es
923 1737 994 1790 et
1035 1721 1412 1807 geometriae
1454 1722 1691 1808 gratia;
1736 1721 1800 1789 si
1861 1737 2051 1805 quem
2108 1722 2302 1807 igitur
2340 1737 2579 1790 nactus

698 1857 772 1909 es
823 1856 1171 1910 memoratu
1241 1840 1503 1927 dignum
1536 1887 1563 1926 ,
1648 1840 1933 1912 lubenter
2011 1839 2330 1908 audiam.”
2434 1841 2575 1908 Cui

705 1957 1091 2026 Theodorus
1170 2005 1226 2040 „
1266 1959 1485 2040 atqui,
1566 1978 1608 2024 o
1651 1960 1940 2026 Socrates
1961 2004 1987 2040 ,
2057 1957 2439 2042 respondet,
2510 1957 2609 2025 et'

702 2092 808 2141 me
845 2072 1078 2140 referre
1114 2087 1178 2140 et
1235 2087 1301 2140 te
1352 2072 1569 2140 audire
1602 2076 2021 2156 maximopere
2058 2076 2276 2156 decet,
2320 2076 2583 2158 qualem

702 2207 743 2256 e
795 2189 1021 2256 vestris
1065 2188 1322 2256 civibus
1383 2188 1844 2256 adolescentem
1911 2189 2292 2257 invenerim:
2366 2193 2481 2275 qui
2523 2191 2583 2257 si

705 2306 1027 2376 formosus
1069 2319 1238 2374 esset
1264 2351 1289 2387 ,
1334 2306 1586 2374 laudare
1616 2325 1759 2373 eum
1797 2323 2047 2374 vererer
2067 2354 2093 2390 ,
2136 2326 2220 2376 ne
2271 2302 2399 2374 cui'
2436 2308 2583 2377 for-

713 2443 825 2496 tan
869 2425 1040 2498 illius
1095 2441 1308 2493 amore
1345 2440 1573 2511 captus
1619 2424 1899 2509 viderem
1962 2443 2131 2492 nunc
2187 2441 2433 2509 autem,
2492 2443 2589 2495 ne

714 2542 871 2610 mihi
909 2558 1318 2625 succenseas,
1359 2559 1477 2610 nec
1520 2545 1739 2628 pulcer
1774 2557 1875 2610 est
1917 2558 1980 2610 et
2022 2543 2137 2610 tibi
2174 2540 2396 2611 similis
2421 2593 2446 2628 ,
2492 2546 2589 2613 si-

717 2677 825 2728 mo
869 2678 1027 2726 naso
1062 2673 1128 2727 et
1171 2660 1676 2745 prominentibus
1720 2660 1921 2727 oculis
1967 2677 2344 2745 quamquam
2364 2662 2584 2731 minus

718 2778 871 2860 me,
916 2799 1102 2862 quam
1148 2793 1261 2861 tu,
1305 2780 1561 2846 modum
1606 2779 1671 2845 in
1711 2778 1809 2845 his
1856 2778 2125 2846 excedit.
2216 2777 2454 2848 Libere
2490 2783 2593 2849 di·

720 2913 803 2961 co
847 2894 1185 2977 equidem=
1255 2894 1321 2959 id
1381 2895 1597 2976 scito,
1663 2895 1992 2979 omnium,
2040 2915 2203 2981 quos
2243 2915 2362 2983 ego
2407 2915 2592 2983 repe-

723 3013 779 3076 ti
804 3055 828 3090 ,
869 3011 1335 3078 adolescentum
1359 3057 1385 3091 ,
1409 3031 1565 3080 usus
1603 3026 1811 3080 autem
1856 3013 2181 3097 permultis
2218 3033 2403 3095 sum,
2442 3017 2590 3080 nul-

727 3127 857 3190 lum
918 3143 1042 3211 me,
1078 3124 1314 3193 vid1sse
1379 3142 1504 3196 tam
1564 3130 1917 3197 admirabili
1980 3147 2237 3199 naturae
2286 3132 2587 3199 felicitate

725 3241 1072 3327 insignem:
1119 3244 1388 3312 docilem
1424 3247 1592 3313 enim
1632 3248 1901 3331 aliquem
1926 3297 1951 3332 ,
1994 3264 2068 3317 ut
2118 3249 2254 3316 aliis
2293 3265 2434 3316 esse
2462 3249 2594 3317 dif-

732 3358 920 3426 flcilis
979 3363 1418 3446 molestusque
1474 3366 1675 3446 solet,
1719 3385 2020 3452 perquam
2068 3381 2285 3434 contra
2340 3361 2593 3434 facilem

729 3496 881 3546 esse
931 3479 1247 3563 simulque
1294 3500 1671 3568 generosum
1730 3483 2093 3569 fortemque
2128 3487 2297 3571 apud
2333 3483 2602 3570 quemli-

734 3595 846 3663 bet
866 3644 890 3678 ,
934 3601 1117 3666 talem
1166 3617 1353 3681 quem
1419 3617 1563 3667 esse
1602 3619 1720 3668 nec
1774 3603 2109 3671 arbitratus
2151 3603 2394 3672 fueram
2416 3653 2442 3689 ,
2484 3621 2601 3672 nec

739 3712 852 3793 qui
893 3730 1155 3800 essent,
1197 3716 1353 3784 vidi.
1403 3720 1465 3766 (¹)
1508 3719 1705 3786 Acuti
1742 3721 1950 3804 enim,
1994 3737 2071 3789 ut
2118 3723 2338 3807 hicce,
2400 3741 2466 3791 et
2500 3741 2599 3787 sa-

2490 3857 2601 3922 ga-

815 3971 911 4043 (ι)
948 3974 1042 4029 sic
1093 3978 1271 4032 locum
1323 3981 1729 4050 interpretando
1777 3985 1910 4039 mihi
1956 3989 2099 4041 visus
2145 4007 2261 4042 aum
2312 3985 2598 4054 expedire,

731 4089 901 4146 quen
953 4076 1100 4130 uria
1146 4078 1353 4130 ratione
1403 4089 1683 4139 tentarunt
1734 4089 2071 4155 ffloerpreteo·
2166 4087 2373 4139 Graece
2418 4085 2497 4139 sie
2546 4105 2603 4140 ιο

2500 4182 2608 4240 ha-
