2792 5167
1394 482 1515 504 r...
1564 457 1677 534 148
1721 484 1817 500 ..-

649 633 782 703 ·nis
809 631 1110 703 officium.
1198 629 1523 699 Perfectus
1558 631 1848 699 videlicet
1877 633 2069 698 homo
2134 634 2191 699 is
2234 652 2330 700 est
2353 683 2379 716 ‚
2438 635 2557 718 qni

679 768 714 813 a
773 765 978 823 tenera
1031 748 1173 815 inde
1221 763 1467 828 aetate,
1530 747 1897 845 priusquam
1943 752 2100 832 quid
2139 752 2390 818 bonum
2428 752 2559 832 fit,

648 866 831 947 -quid
869 866 1095 933 malum
1121 912 1145 947 ,
1169 865 1449 949 judicare
1484 878 1737 946 potest,
1770 882 2001 950 sponte
2030 888 2143 937 sua
2167 916 2191 949 ‚
2234 888 2313 934 ex
2356 869 2563 935 rebus

641 982 911 1066 ‚pulcris
957 996 1021 1047 et
1083 982 1270 1048 bouis
1315 983 1753 1065 voluptatem,
1801 1003 1879 1048 ex
1921 986 2215 1068 turpibus
2267 1001 2333 1051 et
2366 987 2562 1052 malis

672 1099 952 1167 dolorem
984 1098 1153 1182 cepit
1182 1118 1220 1162 ε·
1246 1112 1472 1164 nactus
1511 1113 1717 1165 autem
1770 1121 1915 1166 cum
1976 1101 2215 1169 ratione
2260 1103 2566 1189 judican-

635 1217 733 1285 ,di
775 1216 1130 1282 facultatem
1151 1263 1177 1296 ‚
1221 1215 1525 1283 rationem
1581 1235 1730 1281 cum
1764 1217 1884 1282 hoc
1921 1235 2112 1283 sensu
2154 1218 2222 1284 in
2271 1236 2563 1285 concen-

641 1350 804 1409 ‘tum
845 1333 1107 1417 redegit.
1196 1332 1323 1399 Hic
1379 1332 1621 1400 scilicet
1653 1342 2037 1416 concentus,
2093 1336 2243 1401 haec
2282 1340 2564 1422 ξυμφυ-

672 1459 769 1524 m'a
823 1451 960 1535 ipsa
1003 1465 1100 1517 est
1145 1449 1380 1519 virtus.
1467 1453 1597 1520 Sed
1647 1472 1791 1518 cum
1832 1453 1991 1519 hanc
2040 1455 2444 1536 voluptatum
2489 1468 2560 1518 et

635 1573 964 1639 ,dolorum
1009 1585 1237 1635 rectam
1297 1570 1786 1637 moderationem
1828 1570 2146 1637 remittant
2188 1568 2319 1635 fere
2374 1589 2558 1635 mor-

668 1690 824 1753 tales
881 1701 944 1751 et
981 1700 1338 1768 pervertant
1384 1704 1830 1767 saepenumero
1858 1734 1883 1765 ‚
1939 1685 2206 1768 indeque
2254 1684 2558 1753 oriantur

625 1844 642 1855 ·
665 1820 728 1870 et
772 1803 924 1869 vitia
953 1801 1161 1866 omnia
1193 1819 1257 1865 et
1301 1819 1627 1866 aerumnae
1662 1801 2103 1883 gravissimae,
2146 1801 2256 1868 Dii
2282 1802 2560 1881 ‚hamne

627 1939 815 1986 :num
860 1937 1056 2001 genus
1092 1917 1412 1999 miserati,
1457 1917 1769 1985 aerumnis
1817 1917 1994 1985 hisce
2022 1917 2158 1985 suis
2205 1932 2270 1985 et
2306 1917 2557 1986 labori-

625 2022 787 2103 ·bus
829 2035 1250 2103 succumbens
1275 2082 1302 2116 ‚
1348 2037 1529 2123 festa
1565 2035 2036 2104 constituerunt
2059 2085 2085 2121 ‚
2152 2055 2312 2120 quae
2364 2037 2556 2104 labo-

633 2176 802 2224 ·rum
882 2168 1092 2222 essent
1170 2154 1671 2220 intermissiones
1739 2156 2272 2238 relaxationesque
2298 2202 2324 2238 ‚
2402 2171 2549 2222 tum

619 2275 888 2341 Δίαιος
927 2271 1293 2338 hominibus
1336 2272 1641 2339 deici-unt
1678 2286 1742 2335 et
1778 2270 2130 2360 Apollinem
2154 2273 2548 2360 Musagetcn

623 2390 1083 2478 ,Lt’berumque
1114 2406 1370 2477 patrem
1393 2435 1418 2468 ,
1466 2387 1770 2455 festorum
1806 2389 2084 2471 socios,
2129 2403 2201 2456 ut
2238 2390 2549 2457 saltantes

655 2508 723 2571 in
776 2507 989 2572 choris
1044 2520 1106 2570 et
1180 2521 1473 2570 canentes
1502 2551 1527 2586 ‚
1589 2506 1669 2571 ad
1731 2507 2009 2591 rhythmi
2050 2507 2547 2590 harmoniaeque

617 2672 634 2687 .
657 2620 938 2689 ordinem
976 2640 1130 2688 suos
1181 2621 1303 2704 ipsi
1340 2622 1581 2688 animos
1628 2642 1967 2705 moresque
2006 2637 2069 2690 et
2110 2623 2317 2691 studia
2352 2642 2544 2689 com-

615 2780 630 2794 ·
653 2755 962 2828 ponerent
1009 2754 1206 2823 atque
1243 2758 1495 2806 omnem
1536 2740 1620 2807 ita
1670 2739 2053 2825 corrigerent
2093 2738 2395 2824 pristinae
2442 2741 2543 2807 in-

621 2860 1003 2929 :stitutionis
1054 2859 1548 2944 perversitatem.
1582 2859 1623 2907 <¹
1611 2859 1651 2902 '³

614 3016 624 3028 ·
740 2981 865 3046 Est
899 2996 1050 3044 sene
1074 2980 1350 3061 jucunda
1386 2979 1536 3042 haec
1574 2978 2075 3061 philosophandi
2116 2976 2319 3056 ratio⁹
2367 2995 2537 3060 quae

613 3108 942 3176 ·repetens
977 3093 1185 3158 omnia
1233 3114 1267 3158 a
1330 3093 1768 3159 remotissimis
1822 3094 2191 3176 principiis,
2232 3091 2398 3158 nihil
2445 3108 2541 3159 ta-

647 3226 788 3274 men
832 3207 977 3271 inde
1039 3208 1174 3272 sive
1240 3207 1646 3273 obscuritatis
1687 3208 1836 3288 'sive
1882 3210 2229 3293 jejunitatis
2280 3226 2542 3276 contra-

601 3324 792 3407 ·hit‚
855 3324 969 3390 sed
997 3371 1020 3404 ‚
1085 3323 1371 3403 quamvis
1436 3323 1689 3388 subtilis
1757 3341 1820 3389 et
1874 3343 2195 3406 accurata,
2252 3342 2528 3407 poeseos

605 3464 772 3514 ‚nos
826 3443 1013 3509 simul
1067 3440 1257 3526 gratia
1301 3457 1363 3507 et
1397 3454 1722 3509 venustate
1768 3441 2055 3509 delectat.
2122 3440 2331 3529 Quam
2386 3440 2540 3509 imi·

643 3567 760 3632 tari
827 3562 1166 3629 debuerant
1191 3607 1216 3640 .,
1279 3560 1391 3642 qui
1449 3573 1601 3643 post
1668 3559 1993 3627 Platonem
2050 3558 2527 3643 philosophiam

601 3683 854 3769 ·pulcri
904 3678 1268 3763 attigerunt.
1363 3677 1533 3747 Nam
1600 3678 1692 3745 sic
1737 3679 1817 3744 de
1887 3679 2114 3764 pulcro
2164 3677 2518 3763 disserere,

647 3815 718 3867 ut
791 3799 952 3868 ratio
995 3810 1072 3867 tt
1130 3796 1333 3864 oratio
1375 3795 1539 3863 nihil
1600 3795 1853 3879 minus,
1923 3816 2112 3882 quam
2180 3798 2514 3882 pulcrum,

2419 3931 2516 3978 re-

715 4062 796 4136 (ι)
839 4059 926 4117 De
961 4057 1123 4128 Len.
1164 4058 1246 4110 ΙΙ.
1281 4056 1402 4111 653.
1447 4059 1517 4111 Δ.

1430 4178 1459 4216 ξ.
