2792 5167
952 474 1325 543 —173-

138 640 513 705 humanae
553 635 966 720 indagatione.
1070 639 1323 706 Factum
1378 654 1581 707 autem
1642 642 1727 709 ita
1792 634 1933 725 esl,
1987 657 2059 711 ut

148 770 442 840 sponte
496 754 643 821 hinc
691 756 862 822 Plato
907 755 1240 838 justissimi
1280 756 1397 823 viri
1440 771 1629 840 atque
1665 755 2057 844 injustissimi

146 871 561 938 interiorem
609 870 797 937 animi
844 870 1264 939 conditionem
1290 918 1316 955 ,
1368 873 1631 957 imagine
1670 872 2060 944 informanda
2101 886 2120 905 ²

168 989 598 1070 declararet,
659 1003 849 1070 atque
911 988 995 1054 ita
1055 990 1302 1072 quidem
1374 1008 1496 1057 nos
1559 991 1640 1056 de
1697 992 2060 1077 gravissima

165 1108 437 1172 caussa
499 1104 756 1172 idoneos
819 1104 1077 1188 judices.
1113 1105 1416 1172 redderet.
1517 1105 1624 1173 Sic
1662 1108 1821 1173 enim
1865 1127 2058 1191 porro

163 1222 380 1305 apud
416 1238 555 1286 eum
602 1221 913 1288 Socrates,
997 1221 1204 1301 Este,
1256 1220 1497 1304 inquit,
1557 1239 1890 1308 postquam
1935 1226 2056 1291 huc

178 1338 594 1421 disputando
635 1337 1039 1418 devenimus,
1098 1338 1433 1420 iteremus,
1474 1358 1630 1422 quae
1670 1358 1706 1406 a
1748 1339 2058 1425 principio

178 1457 378 1522 dicta
421 1468 613 1535 sunt,
652 1455 815 1519 unde
850 1454 973 1519 huc
1014 1473 1230 1521 sumus
1275 1456 1497 1523 delati:
1560 1456 1796 1522 dictum
1849 1471 2055 1525 autem

180 1588 306 1640 est
333 1620 358 1657 ,
401 1572 631 1657 injuste
671 1589 850 1653 agere
883 1570 967 1636 illi
1012 1573 1348 1655 prodesse,
1388 1573 1497 1655 qui
1529 1591 1670 1639 cum
1712 1570 2054 1657 perfectum

172 1692 268 1758 in
312 1690 569 1756 modum
616 1689 887 1773 injustus
931 1688 1054 1769 sit,
1085 1690 1299 1774 justus
1334 1704 1536 1755 tamen
1572 1690 1854 1756 habetur.
1924 1689 2056 1756 Hac

179 1808 403 1891 igitur
455 1808 532 1872 de
587 1824 655 1872 re
709 1820 778 1870 ut
827 1818 994 1871 recte
1037 1806 1383 1890 judicemus
1434 1807 1727 1887 tandem,
1776 1823 2070 1873 sermone·

182 1922 515 2006 fingamus
549 1922 733 1988 animi
772 1920 1088 2013 imaginem
1117 1968 1140 2000 ,
1185 1937 1293 2003 ut,
1338 1920 1449 2002 qui
1483 1921 1599 1987 ista
1636 1922 1822 2003 dixit,
1858 1922 2056 2004 sciat,

195 2040 371 2124 quid
411 2038 771 2106 dixerit.—
807 2038 1069 2124 Qualem
1116 2036 1273 2103 dicis
1312 2036 1630 2120 imaginem
1654 2038 1800 2104 ⁸?—
1838 2037 2057 2105 Talem
2141 2104 2146 2113 ,

193 2157 480 2238 aliquam
509 2201 533 2237 ,
593 2154 835 2236 qualem
896 2153 1137 2236 antiqui
1179 2153 1589 2218 informarunt
1625 2154 2008 2220 Chimaeram
2032 2199 2057 2235 ,

198 2273 532 2357 Scyllam,
586 2272 926 2340 Cerberum
956 2316 980 2352 ,
1035 2270 1307 2352 simileS,
1352 2290 1388 2335 e
1427 2270 1615 2337 variis
1653 2270 1873 2337 formis
1909 2289 2059 2336 eon·

196 2390 410 2457 flatas.
493 2389 689 2471 Finge
728 2390 917 2472 igitur
953 2388 1215 2471 primum
1255 2387 1485 2453 bestiae
1527 2386 1831 2465 sormam,
1861 2386 2064 2454 variae

198 2507 579 2586 admodum,
640 2518 702 2571 et
763 2504 967 2589 capita
1024 2504 1418 2570 circumcirca
1479 2505 1673 2569 multa
1727 2501 2060 2585 habentis,

200 2622 432 2708 partim
486 2637 943 2689 mansuetorum
970 2666 995 2702 ,
1038 2623 1257 2705 partim
1295 2621 1624 2703 agrestium
1660 2618 2007 2684 animalium
2035 2663 2061 2700 ,

208 2759 373 2822 quae
414 2739 547 2824 ipsa
587 2758 700 2823 per
736 2757 805 2805 se
842 2738 1133 2821 producit
1172 2753 1365 2823 atque
1404 2737 1537 2803 alit.
1606 2736 1772 2803 Huic
1810 2734 2058 2820 adjungi

208 2856 500 2941 deinceps
552 2876 692 2923 cum
744 2855 989 2936 leonis,
1048 2871 1181 2921 tum
1234 2854 1412 2921 etiam
1462 2851 1730 2919 hominis
1768 2851 2054 2918 formam.

218 2972 462 3041 Tribus
523 2989 728 3040 autem
790 2969 929 3039 istis
989 2972 1372 3039 extrinsecus
1425 2972 1745 3037 humanam
1803 2969 2057 3053 figuram

216 3088 549 3157 circumda.
632 3089 765 3173 jam
805 3108 956 3155 vero
996 3087 1136 3169 illi,
1177 3087 1282 3170 qui
1315 3087 1583 3168 asserit,
1617 3086 1916 3170 prodesse
1947 3088 2061 3152 ho-

218 3203 369 3271 mini
404 3206 633 3291 injuste
671 3222 893 3286 agere,
923 3206 1096 3289 juste
1132 3223 1279 3270 vero
1315 3203 1527 3270 vivere
1561 3221 1688 3270 non
1722 3205 2058 3286 prodesse,

220 3320 522 3404 dicamus,
605 3341 745 3388 eum
807 3319 959 3387 nihil
1024 3320 1189 3386 aliud
1256 3330 1572 3400 asserere,
1636 3322 1672 3400 ἢ
1731 3331 2065 3388 λυσιτελεῖν

226 3440 424 3519 αὑτῶ.
487 3441 558 3509 τὸ
607 3440 984 3508 παντοδαπὸν
1026 3439 1204 3520 θηρίον
1243 3442 1606 3520 εὐωχοῦντι,
1671 3447 1851 3504 ποιεῖν
1889 3441 2064 3518 ἰσχυ-

232 3558 320 3637 ρὸν
375 3555 478 3623 καὶ
531 3558 632 3625 τὸν
687 3556 928 3623 λέπτον
990 3557 1090 3623 ’τὸν
1134 3558 1194 3623 δὲ
1235 3555 1526 3636 ἄνθρωπον
1563 3564 1925 3632 λιμοκτονεῖν
1961 3555 2062 3621 καὶ

236 3679 408 3737 ποιεῖν
451 3672 702 3747 ἀσθενῆ,
749 3670 861 3739 εἵς-ε
907 3665 1183 3738 ἕλκεσθαι
1231 3666 1344 3744 ἔπη
1397 3669 1475 3736 ἂν
1523 3669 1749 3734 ἐκείνων
1796 3666 2065 3750 ὁπότερον

229 3784 384 3863 εἶναι·
428 3785 552 3850 nisi
582 3781 866 3868 prodesse
905 3784 1003 3847 t’llr'
1026 3801 1060 3863 *,·
1094 3800 1162 3847 ut
1184 3829 1206 3863 ,
1256 3786 1509 3848 bestiam
1551 3781 1731 3845 illam
1775 3784 1845 3846 in
1883 3798 2064 3848 semet
2171 3776 2178 3785 ’

224 3905 341 3987 ipso
382 3899 781 3986 multiplicem
820 3916 1066 3984 pascens
1084 3943 1109 3978 ,
1155 3913 1215 3964 et
1247 3902 1446 3985 ipsam
1489 3912 1548 3962 ct
1588 3896 1811 3963 leonem
1853 3896 2065 3964 robus·

227 4020 431 4081 tiorcm
496 4018 756 4103 efficia,-
833 4017 1130 4081 hominem
1194 4034 1335 4080 vero
1381 4012 1567 4097 same
1621 4015 1841 4102 perire
1893 4015 2064 4081 sinat

1965 4145 2062 4194 at·
