2792 5167
1396 521 1795 620 ...944-

684 732 817 786 cnm
862 712 929 781 in
978 708 1443 782 Demosthenis
1512 713 1907 785 orationibus
1969 712 2325 786 Socraticae
2357 708 2562 780 Plato.-

672 823 995 914 nicaeque
1035 828 1486 918 philosoph‘ne
1534 832 1812 918 genium.

770 948 1015 1014 Verum
1076 946 1349 1014 redimus
1416 947 1496 1014 ad
1549 950 1928 1034 singularem
1989 948 2163 1018 illam
2227 961 2298 1017 et
2355 944 2569 1016 miram

686 1061 1027 1154 profecto,
1070 1083 1255 1148 quam
1305 1064 1789 1133 memoravimus
1813 1110 1840 1146 ‚
1885 1064 2164 1134 Socratis
2207 1065 2521 1134 rationem
2543 1105 2570 1146 ,

690 1185 805 1270 qui
861 1183 1024 1251 idem
1079 1181 1348 1251 maxime
1405 1196 1472 1250 et
1511 1182 1908 1266 eloquentiae
1957 1200 2031 1250 se
2073 1180 2403 1268 opposuit·
2427 1193 2574 1247 stu-

688 1303 812 1372 diis
828 1357 843 1391 2
858 1314 924 1369 et
970 1300 1178 1368 studia
1228 1301 1627 1384 eloquentiae
1675 1299 1969 1368 excitavit
1987 1346 2012 1383 ‚
2067 1299 2430 1386 pariterque
2491 1311 2561 1366 et

690 1421 981 1488 invectus
1016 1432 1117 1486 est
1156 1417 1226 1486 in
1264 1434 1548 1486 oratores
1562 1464 1587 1501 ‚
1632 1431 1697 1486 et
1757 1432 2038 1485 oratores
2095 1433 2382 1484 summos
2403 1460 2430 1498 ,
2473 1411 2571 1500 ip·

690 1556 832 1607 sum
884 1537 1423 1619 Demosthenem,
1486 1534 1820 1621 disciplina
1875 1539 1994 1605 sua
2043 1532 2352 1602 excoluit.
2441 1528 2578 1600 Sei-

687 1656 837 1722 licet
904 1672 1264 1748 perversam
1336 1652 1691 1737 exagitabat
1774 1651 2012 1720 saeculi
2089 1650 2196 1719 sui
2258 1668 2408 1717 cum
2469 1667 2579 1715 so·

684 1769 1037 1858 phistamm
1061 1818 1087 1853 ‚
1134 1783 1272 1838 tum
1337 1784 1660 1837 oratorum
1722 1768 2143 1854 eloquentiam
2166 1814 2193 1850 ‚
2263 1765 2380 1852 qui
2431 1766 2579 1833 nul-

684 1890 810 1957 lam
848 1888 1149 1957 habentes
1186 1887 1469 1956 veritatis
1491 1934 1517 1970 ‚
1580 1888 1816 1955 nullam
1867 1887 2154 1975 iustitiae
2208 1885 2514 1953 rationem
2542 1929 2571 1965 ‚

684 2007 862 2088 quod
924 2007 1187 2073 maxime
1236 2020 1407 2074 esset
1463 2003 1694 2072 falsum
1759 2005 2235 2089 injustumque,
2307 2001 2375 2068 id
2431 2017 2576 2067 ora·

580 2123 587 2130 '
680 2119 861 2192 tione
902 2121 1289 2190 multitudini
1341 2139 1702 2205 proponere
1759 2133 1834 2187 ut
1886 2117 2282 2186 verissimum
2340 2115 2575 2202 justis-

682 2212 1041 2320 simumque
1092 2239 1573 2304 contenderent.
1662 2237 1957 2324 Quorum
2019 2232 2374 2320 propositis
2426 2232 2573 2318 opi·

683 2354 1116 2438 nionibusque
1170 2352 1575 2420 confutandis
1650 2351 1948 2439 proprios
2017 2349 2141 2419 sibi
2198 2349 2572 2434 insitosque

684 2470 818 2539 veri
866 2470 1156 2557 iustique
1220 2489 1446 2538 sensus
1501 2469 1852 2555 explicuit:
1942 2488 2072 2554 quo
2139 2488 2376 2560 sponte
2426 2471 2566 2554 ejus

687 2585 894 2654 oratio
939 2588 1204 2673 copiosa
1264 2588 1454 2656 fiebat
1508 2603 1574 2656 et
1625 2567 2056 2675 persuasionis
2115 2590 2324 2673 plena.
2416 2587 2570 2656 Pec-

688 2718 797 2774 tus
853 2706 1019 2774 enim
1063 2721 1201 2787 est,
1247 2707 1425 2789 quod
1480 2706 1751 2774 disertos
1803 2705 1982 2774 facit.
2071 2707 2293 2790 ltaque
2334 2710 2428 2774 sic
2466 2708 2567 2774 lo·

688 2824 910 2909 quitur
970 2824 1037 2889 in
1080 2824 1360 2891 Platonis
1416 2823 1699 2911 Gorgia,
1746 2839 1816 2890 ut
1840 2871 1865 2905 ‚
1911 2824 2088 2907 quod
2149 2825 2385 2894 Cicero
2435 2826 2570 2893 ani·

684 2939 1020 3009 madvertit
1043 2986 1067 3020 ‚
1114 2939 1180 3005 in
1235 2939 1599 3006 oratoribus
1663 2941 1990 3008 irridendis
2047 2941 2186 3026 ipse
2231 2960 2378 3007 esse
2428 2961 2565 3008 ora·

686 3065 793 3120 ‘ror
836 3073 1122 3121 summus
1159 3055 1503 3125 videretur.
1563 3061 1626 3105 <⁸³
1711 3058 1837 3124 Sed
1893 3074 1964 3125 ut
2028 3059 2094 3124 in
2154 3060 2407 3125 eosdem
2455 3077 2563 3125 so·

684 3169 932 3258 phistas
1010 3185 1078 3238 et
1155 3187 1436 3240 oratores
1509 3177 1872 3258 ἐλεγκτικὴν
1941 3195 2114 3242 suam
2170 3176 2506 3243 adhibebat
2528 3223 2556 3259 ‚
2621 3188 2626 3194 ⁴

684 3279 813 3377 qua
873 3288 1074 3357 oculis
1140 3290 1421 3357 omnium
1491 3293 1870 3379 subjiciebat
1935 3291 2263 3360 vanitatem
2321 3294 2558 3363 horum

681 3408 1011 3477 hominum
1065 3421 1131 3474 et
1186 3405 1631 3493 impudentiam
1651 3455 1676 3490 ,
1738 3410 1840 3480 ita,
1883 3389 2093 3477 artem'
2134 3408 2358 3476 docuit
2418 3428 2558 3476 ora-

681 3541 860 3595 tores
911 3545 1278 3613 germanos,
1342 3545 1466 3610 qua
1502 3527 1746 3610 populo
1808 3539 2351 3614 repraesentarent
2401 3526 2556 3594 inti·

679 3664 825 3712 mos
860 3664 1152 3729 quosque
1189 3644 1673 3728 demagogorum
1710 3658 1776 3712 et
1811 3657 2225 3728 tyrannorum
2278 3661 2556 3725 senam,

680 3759 852 3824 unde
889 3761 1252 3828 mirabiliter
1307 3779 1455 3829 sane
1505 3760 1777 3847 profecit
1815 3759 2325 3829 Demosthenes:
2370 3779 2555 3828 cum-

680 3890 809 3961 que
875 3891 956 3941 eo
1024 3876 1316 3963 inprimis
1376 3879 1530 3947 haec
1608 3897 1708 3949 ars
1761 3878 1997 3948 valeret
2026 3925 2052 3963 ,
2122 3891 2201 3947 ut
2269 3871 2550 3968 veritatis

2418 3992 2557 4062 vit·

745 4127 833 4207 (ι)
870 4127 958 4184 De
993 4123 1150 4183 Orat.
1189 4127 1239 4183 1.
1274 4146 1322 4186 e.
1359 4145 1450 4191 u.
