2792 5167
962 497 1357 563 nnn-1⁷9-

212 665 407 733 hocce
448 662 786 744 utriusque
829 660 998 743 viri,
1042 662 1269 746 optimi
1322 676 1385 728 et
1437 661 1734 744 pessimi,
1787 674 1974 745 quam
2020 664 2090 733 in

212 781 460 848 Politia
500 798 670 847 nunc
704 779 893 845 nobis
933 781 1246 862 ostendit,
1284 782 1531 863 specie,
1575 762 1869 863 supplere
1889 782 2089 867 illud,

210 900 281 965 ni
323 896 642 977 fallimur,
691 913 893 962 totum
933 897 1171 964 licebit.
1261 899 1424 965 Nam
1473 915 1818 965 monstrum
1865 900 2088 983 istud,

217 1033 351 1097 quo
395 1013 769 1097 cupiditates
807 1014 994 1079 animi
1044 1014 1461 1099 significavit,
1518 1032 1757 1100 praeter
1797 1016 1960 1085 feras
1995 1019 2095 1084 in·

219 1130 653 1213 domitasque,
700 1148 1050 1197 mansuetas
1090 1133 1273 1197 etiam
1329 1132 1729 1217 optimusque
1780 1134 2097 1218 cupidita·

217 1262 317 1315 tes
348 1249 669 1315 continet:
712 1250 777 1314 in
822 1250 1056 1332 quibus
1097 1251 1251 1315 aiter
1290 1251 1393 1315 ille
1431 1270 1647 1330 amor,
1691 1251 1757 1316 in
1799 1250 2096 1319 Phaedro

220 1385 257 1431 a
314 1366 572 1433 Platone
620 1381 683 1432 et
745 1362 1051 1455 Symposio
1112 1369 1514 1434 vehementer
1573 1370 2094 1453 commendatus,

220 1480 531 1566 insignem
604 1501 753 1551 sane
820 1484 1029 1551 locum
1109 1485 1319 1552 habet.
1445 1488 1829 1570 Adiunctum
1885 1496 2094 1554 autem

222 1616 513 1667 monstro
551 1602 778 1667 leonem
823 1619 991 1667 nunc
1034 1603 1348 1669 cernimus
1373 1648 1399 1688 ,
1457 1603 1569 1688 qui
1612 1604 1838 1670 rationi
1882 1604 2102 1671 obedi·

216 1737 382 1798 ens,
431 1735 495 1784 et
534 1715 699 1784 feras
741 1738 1136 1802 compescere
1181 1722 1555 1804 cupiditates
1582 1770 1605 1803 ‚
1650 1738 1713 1788 et
1754 1723 2100 1788 mansuetis

220 1838 529 1918 prodesse
547 1837 768 1927 debeat
789 1882 813 1918 ‚
848 1856 971 1920 qua
996 1846 1101 1907 τοῦ
1128 1842 1461 1922 θυμοειδοῦς
1496 1838 1727 1905 invicta
1763 1839 1861 1904 vis
1902 1839 2103 1923 signi*

222 1954 474 2021 flentur.
555 1954 626 2021 1d
685 1954 795 2021 ubi
849 1955 1295 2047 attenderimus
1350 1955 1725 2039 diligenter,
1792 1957 1882 2022 nil
1935 1956 2099 2038 erit,

228 2073 407 2153 quod
449 2072 513 2138 in
555 2092 858 2155 equorum
902 2084 1089 2155 atque
1128 2070 1378 2153 aurigae
1417 2090 1560 2138 cum
1602 2072 1812 2137 animo
1850 2088 2106 2154 compt-

226 2190 477 2257 ntione
513 2191 954 2257 desideremus.
1015 2190 1179 2256 Nam
1222 2190 1396 2254 alteri
1437 2206 1605 2270 equo
1644 2188 1778 2269 ilii,
1813 2186 1900 2273 τῶ
1927 2192 2099 2275 δρθῷ.

231 2312 319 2394 τῷ
356 2312 590 2393 εὑηυίῳ,
630 2307 785 2390 qni,
830 2323 901 2372 ut
946 2321 1351 2385 mansuetus,
1393 2305 1574 2372 freno
1617 2306 1916 2373 obediens
1959 2318 2099 2391 est,

234 2440 369 2491 non
420 2400 621 2488 solum
665 2424 818 2489 recti
872 2442 1189 2506 amorem,
1252 2424 1364 2489 sed
1409 2424 1535 2488 vim
1594 2423 1739 2488 item
1790 2438 1852 2489 et
1905 2422 2104 2488 robur

234 2548 344 2612 τοῦ
384 2545 710 2626 θυμοειδοῦς
750 2541 1128 2609 tribuemus.
1200 2542 1295 2607 Ita
1341 2560 1494 2606 vero
1534 2540 1692 2607 nihil
1733 2541 1896 2622 erit,
1929 2540 2109 2622 quod

235 2660 514 2742 requirat
561 2659 757 2740 ratio,
818 2675 887 2723 ut
942 2678 1063 2724 nos
1114 2675 1282 2725 recte
1326 2657 1657 2740 gubernet.
1745 2657 2109 2723 Observan-

230 2776 380 2843 dum
417 2778 538 2842 hoc
573 2774 917 2857 duximus,
956 2789 1028 2839 ut
1072 2775 1276 2858 ipsius
1321 2774 1690 2858 philosophi
1723 2775 1788 2838 in
1818 2772 2106 2855 philoso-

232 2894 489 2980 phando
526 2894 1028 2978 progressionem
1068 2895 1561 2959 attenderemus:
1607 2904 1740 2956 tum
1783 2907 1934 2955 vero
1978 2908 2107 2955 ma·

238 3011 449 3093 xime,
499 3027 570 3075 ut
610 3010 673 3075 in
714 3011 825 3076 hac
864 3010 1187 3077 Platonica
1222 3009 1408 3075 animi
1444 3007 1942 3092 perscrutatione
1972 3006 2105 3073 vim

238 3129 471 3194 amoris
519 3146 1019 3212 agnosceremus.
1105 3127 1317 3210 Nam,
1366 3142 1437 3192 ut
1472 3129 1823 3210 completur
1865 3123 2116 3210 perfici·

237 3262 470 3327 turque
499 3247 612 3311 hac
650 3246 981 3328 utriusque
1022 3246 1294 3311 hominis
1317 3246 1574 3328 specie,
1613 3244 1788 3327 quod
1816 3250 1878 3309 in
1906 3243 2110 3309 Phao-

237 3361 356 3429 ὀνο
386 3362 803 3431 desideramus
827 3410 851 3442 ‚
890 3364 973 3427 ita
1008 3382 1309 3444 equorum
1344 3364 1447 3429 ilia
1485 3362 1547 3427 in
1580 3359 1871 3426 Phaedro
1899 3362 2104 3443 imago

242 3498 365 3573 una
410 3479 690 3544 omnium
746 3480 1015 3547 maxime
1050 3479 1321 3546 animum
1367 3479 1555 3545 nobis
1600 3494 1801 3544 totum
1841 3492 2115 3560 cognos-

238 3600 503 3663 cendum
564 3597 844 3681 praebet.
946 3598 1050 3662 Sic
1108 3600 1271 3662 enirn
1336 3614 1476 3662 sese
1526 3615 1624 3661 res
1688 3596 1920 3661 habet:
1983 3594 2110 3660 nisi
2206 3632 2216 3642 ·

244 3729 597 3780 mansuetae
653 3714 1078 3796 honestaeque
1131 3714 1316 3779 nobis
1368 3714 1648 3778 inessent
1688 3712 2111 3796 cupiditates,

245 3833 311 3896 in
348 3831 448 3896 his
489 3830 847 3915 praesertim
906 3831 1055 3896 recti
1110 3850 1333 3911 amor,
1388 3848 1563 3895 amor
1620 3830 1942 3907 Uannius,
1999 3828 2112 3911 qui

245 3949 506 4015 stimulo
578 3948 725 4028 isti,
808 3967 996 4032 quem
1080 3949 1146 4013 in
1212 3964 1480 4031 tyranno
1547 3944 2114 4030 deprehendimus,

250 4064 469 4133 nefarii
539 4066 867 4150 insanique
936 4066 1165 4133 amoris
1246 4064 1600 4132 contrarius
1661 4078 1809 4148 est,
1905 4074 2121 4152 sponte

1120 4182 1192 4249 M
1220 4205 1256 4249 a
1948 4177 2118 4245 haud
