2792 5167
1615 554 2012 619 ..154-

860 711 1029 778 tibus
1072 713 1287 798 fungi,
1334 716 1387 780 si
1432 717 1530 780 vel
1576 718 1832 782 maxime
1866 716 2130 798 possis,
2161 729 2352 793 neque
2377 711 2606 793 1³1oeer

856 829 1021 895 nolis
1046 879 1070 911 ‚
1111 849 1315 915 neque
1358 833 1584 898 bellurn
1621 851 1828 915 gerere
1863 833 2010 898 aliis
2059 829 2284 894 bellum
2315 825 2607 911 germtibss·

854 965 1061 1029 neque
1112 969 1318 1030 pacem
1364 969 1537 1031 agere
1579 948 1903 1030 agentibus
1947 947 2142 1025 aliis,
2187 942 2307 1008 nisi
2346 942 2400 1005 id
2434 941 2606 1023 phem:

856 1062 982 1128 imo
1010 1084 1193 1142 vero,
1230 1065 1279 1128 si
1328 1085 1446 1146 qua
1491 1081 1551 1128 te
1585 1068 1681 1129 lex
1727 1063 2035 1146 imperare
2073 1075 2242 1125 vetet
2275 1076 2343 1122 ac
2379 1053 2610 1121 sententiis

846 1177 1052 1260 ferre,
1098 1179 1505 1245 nihilominus
1546 1196 1607 1246 et
1655 1180 1916 1263 imperes
1964 1195 2030 1244 et
2075 1173 2405 1242 sententias
2440 1167 2612 1236 feam

846 1296 1119 1379 judici0‚
1167 1299 1352 1362 modo
1395 1298 1515 1362 boc
1557 1296 1669 1360 tibi
1715 1297 1917 1360 visum
1969 1293 2194 1359 fuerit.
2299 1288 2452 1374 Quid
2483 1298 2611 1349 anta

850 1413 926 1473 de
968 1413 1211 1475 lenitate
1255 1430 1392 1492 erga
1438 1414 1750 1476 damnatos
1791 1411 1990 1474 dicam
2015 1409 2056 1474 ⁴3
2145 1405 2433 1472 Homines
2467 1399 2514 1462 in
2543 1397 2610 1458 he

845 1527 1094 1592 civitate
1146 1528 1427 1592 videmus
1487 1529 1582 1592 vel
1637 1543 1839 1592 morte
1893 1528 1996 1590 vel
2063 1523 2291 1590 exsirio
2344 1517 2614 1583 condemn·

845 1661 945 1706 tos
971 1690 993 1723 ,
1036 1643 1446 1707 nihilominus
1490 1642 1701 1708 urbem
1746 1640 2025 1707 incolere
2067 1660 2143 1706 ac
2188 1635 2426 1722 prodire
2460 1630 2507 1694 iu
2534 1643 2608 1692 me·

846 1758 1062 1838 dium,
1121 1777 1182 1822 et
1236 1777 1464 1840 saepe,
1525 1759 1698 1839 quasi
1743 1776 1928 1824 nemo
1972 1757 2040 1824 id
2085 1756 2297 1822 videat
2335 1764 2433 1816 aut
2464 1757 2607 1816 cum,

842 1874 1052 1939 herois
1097 1874 1289 1941 instar
1332 1894 1442 1958 per
1484 1876 1694 1940 urbem
1739 1876 2050 1941 incedere.
2147 1873 2255 1938 Sic
2319 1867 2484 1952 igitur
2520 1874 2605 1923 sm·

845 1990 1093 2056 vissima
1166 1991 1289 2055 crit.
1356 1994 1504 2056 haec
1567 1991 1966 2073 respublica,
2023 1994 2284 2067 febru-m
2321 1987 2442 2055 τινὰ
2471 1978 2606 2060 ὅμώί

844 2111 981 2183 ἴσοις
1025 2135 1094 2176 τε
1142 2111 1240 2175 καὶ
1283 2112 1500 2182 ἀνίσοις
1543 2112 1919 2190 διανέμουσα·
1985 2106 2426 2195 aequalitatem
2473 2109 2604 2179 qm

842 2223 985 2288 dam
1048 2226 1339 2289 similiter
1393 2223 1755 2309 aequalibus
1806 2221 2362 2308 inaequalibusque
2391 2203 2604 2278 distribu-

842 2361 966 2405 cm.
1022 2339 1103 2408 (¹)

924 2457 1020 2523 Sit
1080 2475 1226 2520 sane
1278 2456 1413 2534 ita,
1487 2454 1695 2537 prouti
1753 2455 2060 2521 diximus:
2123 2453 2408 2520 hominem
2441 2433 2597 2505 indis·

839 2567 1289 2651 quisitionibus
1352 2572 1521 2637 hisce
1578 2570 1816 2651 magis,
1883 2590 2066 2650 quam
2111 2572 2416 2636 civitatem
2449 2563 2598 2629 rCS‘lfl‘

833 2686 1049 2752 civiles
1090 2687 1502 2769 exploraverit
1543 2686 2000 2768 philosophus:
2038 2659 2594 2751 veruntamem‘l'fflssd

835 2803 993 2868 hanc
1033 2804 1253 2869 attinet
1295 2802 1666 2884 oligarchiae
1721 2802 1786 2867 in
1838 2801 2275 2869 democratiam
2330 2776 2592 2857 convers-50·

832 2937 1016 2997 nem,
1076 2917 1310 2982 etiamsi
1376 2919 1497 2980 hoc
1561 2936 1748 2982 unum
1809 2918 2130 2983 habuisset
2188 2907 2520 2983 consilium,
2548 2906 2594 2957 ut

831 3052 959 3098 eam
1008 3053 1040 3097 e
1094 3032 1450 3097 verissimae
1509 3034 1798 3114 politicae
1851 3034 2184 3117 principiis
2248 3021 2588 3095 adumbrat&

832 3169 955 3215 rem
1014 3167 1162 3214 sane
1200 3148 1500 3230 perficere
1553 3150 1899 3214 accuratius
1961 3168 2090 3216 non
2135 3145 2453 3233 potuisset.
2511 3126 2590 3191 0²·

830 3269 1094 3334 vendum
1150 3284 1348 3331 autem
1376 3312 1401 3344 ‚
1465 3284 1544 3330 ne
1617 3267 2044 3348 reprehensam
2111 3254 2590 3348 exagitatamnea

830 3385 1085 3450 Platone
1127 3385 1554 3450 democratiam
1602 3400 1928 3464 putemus,
1974 3385 2178 3464 qualis
2215 3403 2251 3448 a
2288 3358 2586 3446 Solonefue·

833 3519 925 3566 rat
971 3501 1230 3568 Athenis
1272 3501 1611 3565 constituta
1665 3519 1733 3562 ac
1771 3500 2063 3582 deinceps
2104 3499 2201 3565 ab‘
2235 3486 2462 3579 optimis
2497 3471 2589 3557 ‘1¹¹5‘

835 3621 1083 3700 busque
1144 3614 1493 3682 oratoribus
1544 3614 1824 3695 Atticis,
1879 3616 1958 3679 ab
2014 3617 2153 3699 ipso
2207 3602 2584 3682 Demosthene,

832 3738 1075 3800 laudata
1117 3750 1212 3798 est
1240 3752 1309 3798 ac
1346 3732 1791 3798 commendata.
1881 3731 2022 3814 lpse
2062 3751 2191 3797 eam
2229 3732 2292 3796 in
2336 3723 2589 3791 Menam

830 3852 1189 3917 celebravit.
1218 3849 1299 3916 (2)
1377 3851 1467 3914 De
1503 3847 2024 3913 conversionibus
2041 3848 2160 3913 hoc
2189 3851 2323 3913 loco
2345 3831 2582 3905 civitatum

2565 3948 2586 3990 ι

901 4140 981 4208 ῃ)
1024 4139 1106 4186 De
1141 4137 1280 4202 ras.
1324 4130 1489 4183 v111.
1525 4130 1642 4183 555.
1687 4133 1747 4185 n.
1781 4159 1838 4175 --
1879 4131 1994 4184 555.
2033 4131 2101 4183 c,
2189 4132 2268 4203 (2)
2303 4099 2578 4180 Μωωόδ·
