2792 5167
1460 482 1757 542 ..4-

677 667 742 714 m
790 648 1068 713 salutaris
1111 646 1331 727 partim
1375 643 1497 710 suit
1546 661 1707 708 nova
1764 640 1867 705 illa
1919 636 2257 721 superioris
2305 635 2543 702 saeculi
2588 690 2597 699 .

681 763 1163 850 philosophandi
1245 760 1450 839 ratio,
1535 761 1656 837 ita,
1740 757 1954 841 prouti
2041 755 2102 819 in
2176 755 2545 839 praeceden-

681 882 762 945 tis
827 877 1271 964 disputationis
1331 876 1585 943 exordio
1629 874 2027 952 monuimus,
2096 870 2315 954 partim
2360 871 2545 936 etiam

687 1014 744 1063 ct
813 1012 962 1064 tunc
1017 995 1238 1065 nocuit
1285 996 1584 1077 Europae
1627 990 1915 1077 gentibus
1972 1004 2034 1056 et
2083 990 2269 1054 nobis
2332 989 2551 1054 etiam·

689 1132 853 1181 nune
921 1100 1107 1179 nocet
1184 1112 1600 1177 vehementer.
1726 1106 1922 1193 Quod
2000 1103 2289 1188 profecto
2379 1104 2548 1169 haud

685 1231 870 1298 facile
913 1229 976 1295 in
1019 1227 1272 1296 dubium
1320 1226 1630 1292 vocaverit
1655 1272 1680 1305 ‚
1743 1224 2104 1305 quicunque
2167 1234 2549 1305 praesentem

693 1343 1128 1429 philosophiae
1175 1342 1602 1408 conditionem
1658 1339 1981 1423 diligenter
2030 1334 2551 1404 animadverterit.

691 1465 941 1532 Adsunt
1003 1462 1254 1544 quidem
1321 1457 1528 1527 ubivis
1596 1455 1867 1539 germani
1932 1453 2342 1539 philosophi,
2429 1452 2559 1517 viri

693 1580 1024 1647 liberaliter
1095 1574 1421 1657 instituti,
1497 1573 1693 1641 literis
1752 1566 2115 1654 artibusque
2184 1570 2412 1636 exculti
2477 1588 2552 1634 ac

697 1694 1036 1781 perpoliti,
1099 1712 1212 1759 nec
1265 1695 1536 1773 desunt,
1606 1690 1716 1774 qui
1775 1689 1901 1755 illis
1948 1686 2233 1768 faveant,
2292 1686 2557 1769 fierique

696 1830 906 1877 eorum
957 1808 1261 1893 sapientia
1324 1808 1608 1874 meliores
1670 1799 2198 1890 sapientioresque
2257 1802 2558 1869 nitantur.

699 1928 820 1994 Sed
878 1926 993 1991 rari
1069 1940 1218 1991 sunt
1283 1922 1376 1990 illi
1442 1925 1508 1989 in
1586 1923 1853 2007 singulis
1911 1921 2040 1989 fere
2100 1920 2435 2004 gentibus,
2496 1933 2559 1984 et

697 2062 822 2109 vox
892 2060 1105 2107 eorum
1181 2040 1522 2123 quominus
1584 2041 1703 2151 Pb„
1751 2039 2007 2125 optimis
2068 2038 2431 2122 quibusque
2499 2053 2565 2103 et

698 2152 1156 2227 honestissimis
1207 2158 1568 2227 exaudiatur
1588 2205 1615 2239 ,
1657 2159 1895 2227 clamne
1950 2157 2372 2241 strepitusque
2410 2153 2565 2220 alio-

702 2276 836 2340 r'um
895 2274 1115 2354 efficit,
1201 2274 1312 2356 qui
1368 2294 1438 2339 se
1509 2276 1683 2341 solos
1758 2292 1968 2358 sapere
2019 2274 2301 2357 jactant,
2372 2271 2567 2353 idque

701 2388 969 2475 profano
1012 2393 1204 2475 vulgo
1253 2392 1623 2474 persuadent
1676 2389 1895 2470 facile,
1939 2390 2175 2471 quippe
2213 2390 2281 2453 in
2322 2389 2563 2453 summa

708 2508 1008 2574 orationis
1046 2500 1460 2587 obscuritate,
1506 2528 1687 2590 quam
1742 2496 1923 2597 nemo
1971 2504 2310 2588 intelligit,
2357 2520 2575 2568 recon-

709 2622 895 2690 ditam
962 2625 1306 2705 quandam,
1343 2625 1427 2690 ἐἰ
1491 2625 1612 2721 Dis
1664 2625 1924 2717 placet,
2004 2610 2361 2705 sapientiam
2426 2638 2576 2704 pro·

713 2737 1001 2804 ferentes.
1089 2740 1305 2822 Itaque
1359 2742 1637 2822 neglecta
1698 2740 1885 2804 hodie
1938 2724 2375 2820 contemta'que
2430 2735 2575 2816 phi-

713 2857 1002 2939 losophia
1049 2872 1185 2923 est:
1273 2876 1341 2923 ac
1382 2860 1619 2923 malunt
1665 2857 1981 2922 erectior-is
2035 2853 2258 2920 indolis
2308 2855 2570 2940 juvenes

717 2966 817 3037 vel
864 2972 1061 3038 iiteris
1118 2976 1218 3039 vel
1279 2974 1582 3040 doctrinis
1636 2975 1737 3039 vel
1798 2990 2048 3039 naturae
2088 2969 2575 3055 ‚perscrutationi

720 3106 970 3171 operam
1010 3106 1272 3170 navare,
1315 3109 1497 3170 quam
1563 3089 1704 3155 istis
1755 3088 2084 3156 immisceri
2137 3087 2577 3171 philosophis,

727 3224 995 3287 quorum
1036 3222 1331 3273 numerus
1376 3207 1441 3271 in
1479 3207 1610 3273 dies
1650 3206 1971 3271 hominum
2017 3220 2237 3289 genere
2274 3218 2579 3287 augetur,

730 3338 861 3401 quo
913 3323 1149 3386 nullum
1208 3325 1429 3387 natura
1491 3322 1685 3404 magis
1747 3343 1782 3388 a
1844 3322 2085 3388 sincero
2150 3320 2587 3404 philosophiae

733 3434 947 3502 studio
1002 3438 1333 3518 abhorret,
1379 3434 1786 3505 fanaticorum
1829 3457 1890 3505 et
1928 3440 2389 3522 mysticorum.'
2458 3437 2583 3504 Sed

731 3571 1026 3636 praesens
1070 3553 1507 3638 philosophiae
1551 3556 1830 3622 conditio
1871 3555 2204 3641 majoribus
2237 3558 2418 3621 etiam
2458 3555 2587 3619 cla·

736 3666 924 3733 dibus
976 3682 1281 3753 prostrata
1317 3671 1501 3755 jacet.
1631 3671 1791 3736 Nam
1844 3688 2082 3754 patrum
2131 3670 2470 3754 memoria,
2512 3684 2588 3736 ut

734 3784 1042 3865 diximuS‚
1089 3803 1210 3852 una
1249 3806 1389 3853 cum
1430 3766 1957 3853 excellentissimis
1998 3788 2426 3872 philosophis,
2478 3807 2588 3854 so-

741 3900 982 3985 phistae
1040 3901 1291 3983 ubivis,
1357 3906 1712 3987 praesertim
1780 3908 1843 3971 in
1902 3906 2127 3987 Anglia
2169 3921 2232 3971 et
2283 3906 2587 3987 Francia,

739 4014 1144 4099 prodierunt,
1190 4018 1302 4100 qui
1339 4023 1592 4088 moralis
1629 4023 1981 4104 doctrinae,
2025 4038 2205 4105 quam
2242 4023 2401 4089 tueri
2444 4042 2591 4108 pro-

2518 4139 2592 4204 fl.
