2792 5167
1552 485 1944 551 —126—

796 665 1056 736 sissima
1107 662 1343 732 omnia.
1427 663 1721 734 infinitae
1769 683 2035 734 numero
2083 667 2480 738 auriane
2521 667 2674 736 etb-

800 785 1033 852 bantur
1088 784 1228 868 ejus
1278 795 1480 850 aetate
1529 782 2051 868 philosophorum
2099 783 2678 869 sophistarumque

795 903 1031 986 scripta
1050 947 1075 983 ,
1119 898 1352 982 quibus
1413 900 1729 986 ingenium
1777 900 2273 985 sapientiamque
2306 920 2486 968 suam
2531 915 2680 967 stu-

793 1019 979 1106 penti
1028 1017 1418 1087 multitudini
1467 1018 1794 1086 ostendere
1829 1032 1896 1085 et
1947 1018 2220 1101 probare
2271 1016 2626 1084 studebant
2651 1034 2676 1084 t

792 1137 936 1224 ipse
1002 1135 1313 1208 scribebat
1374 1133 1556 1226 nihil.
1683 1132 2045 1202 Resonabat
2093 1131 2380 1216 quotidie
2440 1130 2678 1208 forum

792 1255 1195 1343 politicorum
1284 1241 1611 1321 hominum
1702 1249 2090 1318 orationibus
2115 1296 2140 1331 ‚
2252 1248 2489 1334 quibus
2581 1248 2679 1316 ad

792 1391 1071 1442 summos
1128 1372 1193 1437 in
1253 1369 1576 1455 republica
1633 1368 2022 1436 auctoritatis
2082 1367 2306 1452 gradus
2357 1366 2675 1434 escende-

790 1489 988 1558 bant:
1034 1489 1213 1575 ipse,
1258 1488 1385 1556 nisi
1418 1501 1675 1556 coactus
1695 1534 1719 1569 ,
1770 1503 2110 1568 numquam
2162 1480 2406 1550 dicebat
2447 1481 2678 1564 publi·

788 1626 889 1676 ce.
989 1608 1168 1695 Quae
1218 1626 1350 1691 quo
1406 1604 1616 1672 minus
1680 1603 2165 1691 aggrederetur,
2245 1621 2379 1669 non
2438 1587 2677 1671 intem·

789 1723 1035 1809 pestiva
1098 1721 1490 1791 retinebatur
1541 1721 1893 1802 modestia,
1982 1739 2145 1804 quae
2218 1720 2420 1789 civem
2472 1722 2675 1790 ded&

787 1853 935 1910 cet:
994 1838 1521 1924 quotiescumque
1567 1838 1768 1925 ipsius
1824 1856 2045 1906 vocem
2113 1836 2473 1923 postulabat
2541 1858 2677 1908 res-

789 1956 1085 2040 publica,
1131 1956 1226 2023 uti
1286 1955 1402 2022 illo
1456 1969 1781 2040 tempore,
1828 1973 1958 2038 quo
2015 1954 2230 2021 insana
2268 1954 2672 2036 multitude,

785 2091 822 2137 a
862 2070 1223 2158 demagogis
1282 2069 1594 2138 concitata
1617 2118 1643 2153 ‚
1689 2071 1754 2136 in
1793 2069 1970 2137 cives
2007 2069 2293 2138 insontes
2347 2069 2663 2157 judicium

782 2202 916 2256 erat
967 2187 1507 2272 pronunciatum,
1574 2201 1710 2254 tum
1770 2186 1878 2253 ille
1934 2185 2002 2253 in
2063 2203 2330 2270 senatu,
2394 2188 2460 2255 in
2523 2202 2668 2256 tota

780 2302 1034 2372 civitate
1088 2321 1259 2370 unus
1314 2313 1446 2370 erat
1466 2352 1491 2385 ‚
1571 2303 1686 2389 qui
1744 2303 1948 2372 dicere
2001 2324 2121 2390 pro
2175 2304 2415 2389 iustitia
2466 2307 2672 2376 aude·

786 2435 907 2488 ret.
1020 2421 1146 2488 Sed
1198 2421 1480 2506 pudebat
1537 2421 1748 2489 virum
1810 2441 2103 2509 magnum
2153 2436 2220 2490 et
2277 2421 2473 2490 ferme
2525 2423 2662 2491 sin·

785 2540 1100 2624 muntem,
1146 2553 1378 2623 sponte
1416 2538 1496 2605 ad
1527 2538 1857 2606 dicendum
1911 2539 2207 2625 prodire,
2255 2540 2437 2624 quasi
2475 2544 2664 2610 solus

784 2671 957 2730 esset
1032 2656 1258 2743 dignus
1282 2704 1308 2740 ‚
1375 2655 1488 2742 qui
1511 2703 1537 2737 ‚
1597 2656 1955 2724 mcentibus
2013 2655 2350 2740 omnibus,
2412 2658 2668 2726 audire·

787 2790 933 2846 turz
990 2775 1269 2860 pudebat
1320 2772 1548 2841 imitari
1610 2773 1748 2841 sive
1794 2772 2160 2859 sophistas,
2220 2774 2334 2859 qui
2380 2777 2664 2844 vendita·

787 2908 931 2960 rent
989 2895 1235 2978 populo
1283 2891 1644 2959 doctrinm
1692 2911 1908 2974 suam,
1975 2890 2112 2958 sive
2161 2906 2514 2973 oratores„
2546 2893 2660 2979 qui

784 3028 1000 3077 verum
1060 3010 1478 3093 justumque,
1567 3013 1899 3095 ipsamque
1959 3008 2407 3092 rempublicam
2469 3008 2666 3078 flocci

664 3215 671 3224 ι
782 3124 1087 3194 facientes
1113 3174 1135 3207 ,
1178 3126 1441 3194 dicendo
1492 3127 1792 3195 inservire
1850 3145 1998 3195 suae
2064 3125 2459 3207 auctoritati,
2504 3145 2664 3194 suae

786 3229 1081 3312 abaritiae
1127 3245 1532 3330 quaerebant.
1619 3245 1786 3313 Esse
1838 3245 2044 3312 bonus
2086 3259 2152 3312 et
2184 3245 2491 3311 excellens
2525 3243 2661 3311 vir-

790 3377 933 3432 tute
952 3410 977 3447 ‚
1042 3382 1173 3431 non
1230 3363 1470 3445 videri,
1531 3364 1822 3445 volebat,
1895 3380 2008 3429 nec
2053 3377 2206 3428 vero
2270 3360 2662 3429 detrectabat

786 3483 1258 3570 rempublicam.
1344 3483 1502 3549 Non
1562 3498 1696 3550 crat
1726 3480 1883 3548 civis
1921 3481 1987 3547 in
2021 3485 2163 3549 tota
2203 3478 2506 3564 civitate,
2545 3474 2664 3565 qui

791 3602 1026 3669 civium
1073 3601 1257 3670 saluti
1310 3600 1752 3685 provehendae
1791 3597 2202 3684 prospiceret
2223 3597 2452 3684 magisa
2525 3597 2659 3667 Alii

778 3718 1168 3804 peregrinari
1213 3718 1277 3786 in
1325 3718 1474 3784 alias
1531 3732 1777 3799 terras,
1843 3716 1982 3783 sive
2035 3717 2465 3803 cognitionis,
2523 3716 2661 3784 sioe

796 3851 1094 3917 quaestus
1118 3884 1144 3920 ‚
1185 3836 1323 3905 sive
1384 3834 1824 3903 oblectationis
1884 3834 2122 3921 gratia:
2168 3833 2278 3900 ille
2320 3833 2492 3900 domi
2525 3847 2656 3899 ma-

788 3963 945 4019 nere
991 3967 1056 4018 et
1109 3971 1194 4020 ne
1243 3972 1574 4023 excurrere
1622 3952 1877 4038 quiden
1931 3950 2127 4018 animi
2177 3970 2393 4019 caussa
2430 3950 2498 4016 in
2519 3962 2658 4017 ter-

796 4085 896 4141 ras
947 4068 1225 4139 vicinas:
1305 4069 1970 4153 arbores,.dieebat,
2033 4069 2264 4138 nolunt
2316 4083 2418 4137 mc
2474 4065 2659 4151 quid-

2467 4200 2654 4267 ‘imm‘
