2792 5167
1426 445 1786 513 -14-a

686 609 755 680 in
776 608 1014 676 scholis
1030 610 1476 691 explicuerat,
1501 621 1566 672 et
1597 604 1958 688 recolligere
1982 622 2174 674 voces
2211 620 2273 673 et
2308 609 2529 690 verbu.

680 728 919 811 quibus
952 726 1199 807 singula
1240 725 1639 791 illustrasset.
1702 725 1833 792 Vix
1873 724 2214 808 quicquam
2251 724 2407 792 mihi
2438 746 2536 796 oc·

676 846 964 911 currebat
986 842 1111 924 nisi
1149 842 1484 910 barbarum
1503 890 1528 924 ‚
1574 859 1704 924 quo
1739 857 1840 922 res
1869 843 2074 924 nostri
2108 844 2244 914 aevi
2273 847 2535 929 appella·

677 980 833 1036 rem.
919 961 1342 1030 Scilicet'non
1370 980 1588 1028 vocem
1626 960 1730 1028 ille
1759 977 2196 1046 ,usurpaverat
2223 962 2536 1047 propriam

674 1080 1009 1163 quamdam
1044 1093 1109 1160 et
1145 1078 1560 1163 peculiarem,
1603 1082 1719 1145 sed
1757 1094 1900 1146 toto
1936 1079 2239 1162 orationis
2277 1079 2535 1163 habitu,

678 1197 790 1278 qui
824 1197 1124 1280 antiquus
1162 1215 1331 1275 erat,
1377 1197 1472 1263 sic
1531 1217 1658 1263 rem
1694 1216 1924 1264 novam
1970 1199 2426 1279 declaraverat,
2469 1209 2537 1264 ut

676 1314 802 1399 ipsi
830 1315 1268 1381 verosimiliter
1304 1315 1551 1399 antiqui
1584 1311 1922 1404 fecissent,
1977 1314 2035 1382 si
2071 1315 2396 1381 notionem
2434 1315 2536 1383 ha·

675 1429 1003 1511 huissent,
1047 1432 1244 1497 verbo
1304 1430 1679 1499 caruissent.
1765 1431 1984 1515 Itaque
2019 1448 2206 1497 nemo
2265 1447 2396 1498 erat
2433 1451 2539 1498 au.

673 1545 1020 1630 diffluum,
1086 1548 1364 1632 exceptis
1382 1595 1409 1630 ‚
1466 1568 1634 1633 quos
1689 1548 1831 1634 ipse
1881 1550 2148 1628 vocabat
2168 1597 2193 1632 ,
2257 1554 2538 1634 ἀμούσοις

673 1669 777 1738 καὶ
818 1671 1235 1750 ἀπειροκάλως
1266 1672 1581 1750 ἀνθρώποις
1599 1712 1624 1746 ,
1669 1668 1828 1747 quin
1867 1665 2146 1734 fructum
2183 1681 2432 1749 caperet
2466 1684 2542 1742 ex
2649 1709 2656 1720 ·

674 1782 812 1866 ejus
859 1780 1259 1849 instituti0ne
1281 1828 1309 1861 ‚
1350 1800 1537 1847 nemo
1594 1796 1800 1846 autem
1839 1783 2059 1875 plane,
2090 1781 2262 1864 0quin
2297 1779 2540 1848 audiret

674 1917 815 1966 eum
879 1899 1313 1983 perlubenter.
1401 1897 1706 1983 Lugduni
1765 1899 1988 1967 habuit
2053 1889 2402 1982 orationem
2464 1895 2542 1970 de

580 2072 593 2080 ,
671 2016 1085 2090 adolescentia
1116 2017 1483 2084 Ruhnken&
1501 2063 1529 2100 ‚
1571 2020 1644 2083 in
1679 2017 2025 2108 exemplum
2043 2019 2370 2107 proposita
2392 2015 2541 2084 ado,

572 2175 578 2179 -
673 2135 1033 2214 lescemibus
1104 2134 1369 2219 ‚Bqtmds
1432 2134 1738 2212 bonarum
1797 2136 2139 2200 literarum
2202 2132 2487 2200 studiosis·
2511 2181 2538 2213 ,

670 2251 918 2319 unicam
939 2297 964 2331 ‚
1006 2250 1113 2315 cui
1167 2251 1454 2334 equidem
1495 2249 1794 2316 interesse
1837 2250 2074 2333 potui.'
2136 2249 2281 2335 Qua
2340 2251 2418 2316 ad
2465 2249 2539 2318 ἢ,

670 2385 816 2442 nem
854 2367 1153 2451 perducta
1180 2414 1203 2448 ‚
1246 2367 1506 2434 domurn
1542 2366 1815 2435 redibam
1845 2385 1989 2434 cum
2046 2365 2261 2434 amicis
2303 2381 2366 2432 et
2401 2366 2542 2440 aliis

671 2483 822 2566 item
851 2484 1221 2570 juvenibus·
1306 2485 1464 2552 Erat
1494 2500 1700 2552 autem
1741 2484 1806 2551 in
1845 2485 1920 2550 iis
1945 2484 2162 2566 nescio
2196 2484 2388 2572 quis»,
2431 2486 2545 2551 sed

669 2620 787 2686 nec
840 2603 1067 2669 doctus
1125 2620 1241 2669 nec
1310 2602 1633 2670 doctrinae
1688 2603 2018 2670 studiosus
2059 2650 2083 2683 ‚
2160 2620 2544 2685 quamquam

669 2718 879 2792 bouus
920 2720 1161 2801 homo,
1202 2720 1419 2786 saltem
1454 2734 1731 2803 apertus.
1820 2718 1944 2785 Hic
1991 2717 2198 2783 mirari
2246 2737 2315 2784 se
2372 2715 2547 2783 dice-

670 2840 783 2905 bat
827 2838 1005 2923 quod
1043 2835 1160 2908 hai:
1200 2836 1338 2922 ipsa
1373 2839 1528 2904 hora
1561 2836 1688 2922 ipsi
1734 2836 2088 2903 accidisset.
2175 2836 2341 2904 Nam
2372 2833 2549 2912 forte

670 2971 734 3034 et
769 2976 923 3024 casu
963 2976 1034 3022 se
1070 2955 1136 3023 in
1185 2955 1564 3022 auditorium
1608 2955 1901 3021 venisse:
1960 2955 2126 3021 haud
2173 2954 2327 3020 satis
2373 2952 2546 3026 enim

667 3073 898 3146 Latine
955 3071 1157 3152 scire,
1240 3088 1313 3138 ut
1377 3074 1604 3140 doctos
1667 3072 1809 3136 illos
1889 3072 2061 3137 viros
2119 3070 2540 3153 intelligeret:

669 3193 974 3268 mansisse
1026 3204 1230 3255 tamen
1302 3207 1418 3272 per
1478 3190 1633 3256 duas
1685 3189 1869 3255 horas
1922 3187 2257 3255 continuas
2313 3187 2548 3264 immo-

667 3286 805 3378 tuin
841 3305 1004 3373 fere:
1050 3305 1434 3390 intellexisse
1470 3306 1636 3376 enim
1666 3307 2048 3374 verbotenus
2074 3307 2285 3378 onmia
2304 3355 2330 3390 ‚
2377 3328 2548 3390 quae

666 3439 883 3492 orator
934 3423 1039 3490 ille
1094 3423 1382 3506 dixisset.
1482 3424 1736 3508 Mirum
1756 3473 1781 3508 ,
1849 3424 2057 3508 inquit
2075 3473 2099 3507 ‚
2167 3432 2480 3513 negotium
2509 3436 2550 3497 ,4

666 3563 815 3614 nam
858 3545 1131 3611 omnium
1169 3543 1288 3618 iste
1325 3541 1711 3618 doctissimus
1765 3542 2097 3609 dicebatur
2115 3591 2139 3624 ,
2201 3547 2328 3610 r'mo
2365 3565 2546 3620 mon-2

666 3675 870 3727 strum
912 3659 1307 3746 eruditionis.
1393 3661 1590 3748 Quod
1633 3660 1908 3728 hominis
1949 3660 2189 3729 dictum
2240 3681 2360 3730 nos
2401 3685 2550 3731 orn.

667 3794 781 3850 nes
820 3778 1127 3850 continuo.
1151 3778 1510 3852 advertebat
1533 3827 1558 3861 ‚
1602 3780 1755 3846 mihi
1797 3796 2004 3848 autem
2043 3800 2227 3867 saepe
2263 3783 2332 3850 in
2364 3801 2548 3852 men·

668 3911 797 3962 tem
853 3896 1014 3962 redit
1037 3944 1062 3978 ‚
1105 3899 1358 3977 quando
1405 3901 1508 3965 vel
1561 3899 1637 3965 de
1693 3898 2190 3983 wyttenbachio
2249 3905 2482 3983 loquor
2508 3943 2538 3982 ,

665 4015 768 4084 vel
794 4014 878 4094 ,εἰς
918 4032 1061 4092 vera
1121 4029 1182 4096 et
1214 4014 1562 4098 eruditione
1602 4037 1662 4121 et
1716 4018 2095 4108 eloquentia.

2408 4132 2546 4210 Sed
