<?xml version="1.0" encoding="UTF-8"?>
<!DOCTYPE html PUBLIC "-//W3C//DTD XHTML 1.0 Transitional//EN"
    "http://www.w3.org/TR/xhtml1/DTD/xhtml1-transitional.dtd">
<html xmlns="http://www.w3.org/1999/xhtml" xml:lang="en" lang="en">
 <head>
  <title>
</title>
<meta http-equiv="Content-Type" content="text/html;charset=utf-8" />
  <meta name='ocr-system' content='tesseract 3.04.00' />
  <meta name='ocr-capabilities' content='ocr_page ocr_carea ocr_par ocr_line ocrx_word'/>
</head>
<body>
  <div class='ocr_page' id='page_1' title='image "./initiaphilosoph05heusgoog_0480.png"; bbox 0 0 2792 5167; ppageno 0'>
   <div class='ocr_carea' id='block_1_1' title="bbox 949 435 1297 506">
    <p class='ocr_par' dir='ltr' id='par_1_1' title="bbox 949 435 1297 506">
     <span class='ocr_line' id='line_1_1' title="bbox 949 435 1297 506; baseline 0.003 -9"><span class='ocrx_word' id='word_1_1' title='bbox 949 435 1297 506; x_wconf 47' lang='lat'>—581—</span> 
     </span>
    </p>
   </div>
   <div class='ocr_carea' id='block_1_2' title="bbox 145 609 2089 4178">
    <p class='ocr_par' dir='ltr' id='par_1_2' title="bbox 164 609 2033 1264">
     <span class='ocr_line' id='line_1_2' title="bbox 181 609 2029 698; baseline 0 -18"><span class='ocrx_word' id='word_1_2' title='bbox 181 613 292 695; x_wconf 56' lang='lat' dir='ltr'>*pia</span> <span class='ocrx_word' id='word_1_3' title='bbox 325 611 638 680; x_wconf 83' lang='lat' dir='ltr'>duxerunt</span> <span class='ocrx_word' id='word_1_4' title='bbox 685 612 759 678; x_wconf 88' lang='lat' dir='ltr'>ad</span> <span class='ocrx_word' id='word_1_5' title='bbox 799 609 1170 680; x_wconf 81' lang='lat' dir='ltr'>hodiernum</span> <span class='ocrx_word' id='word_1_6' title='bbox 1210 633 1482 698; x_wconf 84' lang='lat' dir='ltr'>aevum,</span> <span class='ocrx_word' id='word_1_7' title='bbox 1522 630 1681 697; x_wconf 84' lang='lat' dir='ltr'>quae</span> <span class='ocrx_word' id='word_1_8' title='bbox 1719 629 1848 679; x_wconf 89' lang='lat' dir='ltr'>non</span> <span class='ocrx_word' id='word_1_9' title='bbox 1887 610 2029 680; x_wconf 85' lang='lat' dir='ltr'>dico</span> 
     </span>
     <span class='ocr_line' id='line_1_3' title="bbox 187 717 2027 816; baseline 0.002 -21"><span class='ocrx_word' id='word_1_10' title='bbox 187 746 520 813; x_wconf 83' lang='lat' dir='ltr'>superare,</span> <span class='ocrx_word' id='word_1_11' title='bbox 563 731 668 797; x_wconf 87' lang='lat' dir='ltr'>scd</span> <span class='ocrx_word' id='word_1_12' title='bbox 727 747 987 812; x_wconf 85' lang='lat' dir='ltr'>aequare</span> <span class='ocrx_word' id='word_1_13' title='bbox 1038 717 1193 797; x_wconf 85' lang='lat' dir='ltr'>adeo</span> <span class='ocrx_word' id='word_1_14' title='bbox 1251 732 1360 797; x_wconf 82' lang='lat' dir='ltr'>vix</span> <span class='ocrx_word' id='word_1_15' title='bbox 1420 746 1785 816; x_wconf 88' lang='lat' dir='ltr'>potuerunt.</span> <span class='ocrx_word' id='word_1_16' title='bbox 1884 729 2027 798; x_wconf 85' lang='lat' dir='ltr'>Nec</span> 
     </span>
     <span class='ocr_line' id='line_1_4' title="bbox 183 847 2032 931; baseline 0.003 -22"><span class='ocrx_word' id='word_1_17' title='bbox 183 861 414 915; x_wconf 88' lang='lat' dir='ltr'>temere</span> <span class='ocrx_word' id='word_1_18' title='bbox 450 848 714 914; x_wconf 89' lang='lat' dir='ltr'>dicamus</span> <span class='ocrx_word' id='word_1_19' title='bbox 736 894 761 928; x_wconf 92' lang='lat'>,</span> <span class='ocrx_word' id='word_1_20' title='bbox 825 861 1128 929; x_wconf 89' lang='lat' dir='ltr'>quantum</span> <span class='ocrx_word' id='word_1_21' title='bbox 1188 847 1414 914; x_wconf 87' lang='lat' dir='ltr'>Graeci</span> <span class='ocrx_word' id='word_1_22' title='bbox 1466 847 1726 914; x_wconf 87' lang='lat' dir='ltr'>caeteris</span> <span class='ocrx_word' id='word_1_23' title='bbox 1776 849 2032 931; x_wconf 78' lang='lat' dir='ltr'>populis</span> 
     </span>
     <span class='ocr_line' id='line_1_5' title="bbox 181 963 2033 1048; baseline -0.001 -18"><span class='ocrx_word' id='word_1_24' title='bbox 181 965 611 1048; x_wconf 83' lang='lat' dir='ltr'>praestiterunt</span> <span class='ocrx_word' id='word_1_25' title='bbox 662 963 1103 1048; x_wconf 77' lang='lat' dir='ltr'>philosophiae</span> <span class='ocrx_word' id='word_1_26' title='bbox 1141 964 1351 1030; x_wconf 86' lang='lat' dir='ltr'>studio</span> <span class='ocrx_word' id='word_1_27' title='bbox 1378 1011 1405 1047; x_wconf 92' lang='lat'>,</span> <span class='ocrx_word' id='word_1_28' title='bbox 1452 966 2033 1046; x_wconf 86' lang='lat' dir='ltr'>tantum·eloquen·</span> 
     </span>
     <span class='ocr_line' id='line_1_6' title="bbox 179 1079 2033 1165; baseline 0.001 -20"><span class='ocrx_word' id='word_1_29' title='bbox 179 1079 264 1147; x_wconf 71' lang='lat' dir='ltr'>tia</span> <span class='ocrx_word' id='word_1_30' title='bbox 311 1095 374 1148; x_wconf 87' lang='lat' dir='ltr'>ct</span> <span class='ocrx_word' id='word_1_31' title='bbox 431 1080 755 1147; x_wconf 73' lang='lat' dir='ltr'>dialectica</span> <span class='ocrx_word' id='word_1_32' title='bbox 800 1079 1054 1148; x_wconf 88' lang='lat' dir='ltr'>caeteris</span> <span class='ocrx_word' id='word_1_33' title='bbox 1106 1079 1368 1148; x_wconf 82' lang='lat' dir='ltr'>Graecis</span> <span class='ocrx_word' id='word_1_34' title='bbox 1407 1080 1800 1165; x_wconf 82' lang='lat' dir='ltr'>praestitisse</span> <span class='ocrx_word' id='word_1_35' title='bbox 1824 1079 2033 1147; x_wconf 87' lang='lat' dir='ltr'>Athe-</span> 
     </span>
     <span class='ocr_line' id='line_1_7' title="bbox 164 1195 438 1264; baseline 0.011 -3"><span class='ocrx_word' id='word_1_36' title='bbox 164 1195 438 1264; x_wconf 78' lang='lat' dir='ltr'>aienses.</span> 
     </span>
    </p>

    <p class='ocr_par' dir='ltr' id='par_1_3' title="bbox 145 1314 2089 4077">
     <span class='ocr_line' id='line_1_8' title="bbox 247 1314 2035 1400; baseline -0.001 -19"><span class='ocrx_word' id='word_1_37' title='bbox 247 1315 627 1382; x_wconf 76' lang='lat' dir='ltr'>Debuerant</span> <span class='ocrx_word' id='word_1_38' title='bbox 681 1316 838 1381; x_wconf 88' lang='lat' dir='ltr'>hanc</span> <span class='ocrx_word' id='word_1_39' title='bbox 894 1316 1150 1400; x_wconf 86' lang='lat' dir='ltr'>gloriam</span> <span class='ocrx_word' id='word_1_40' title='bbox 1192 1314 1485 1380; x_wconf 83' lang='lat' dir='ltr'>Athenae</span> <span class='ocrx_word' id='word_1_41' title='bbox 1526 1314 1858 1397; x_wconf 83' lang='lat' dir='ltr'>praeclaris</span> <span class='ocrx_word' id='word_1_42' title='bbox 1893 1331 2035 1380; x_wconf 86' lang='lat' dir='ltr'>ora-</span> 
     </span>
     <span class='ocr_line' id='line_1_9' title="bbox 162 1428 2040 1513; baseline -0.002 -16"><span class='ocrx_word' id='word_1_43' title='bbox 162 1431 412 1497; x_wconf 81' lang='lat' dir='ltr'>toribus</span> <span class='ocrx_word' id='word_1_44' title='bbox 440 1479 464 1512; x_wconf 93' lang='lat'>,</span> <span class='ocrx_word' id='word_1_45' title='bbox 522 1451 690 1513; x_wconf 87' lang='lat' dir='ltr'>quos</span> <span class='ocrx_word' id='word_1_46' title='bbox 750 1431 1191 1512; x_wconf 84' lang='lat' dir='ltr'>protulerunt3</span> <span class='ocrx_word' id='word_1_47' title='bbox 1250 1429 1361 1494; x_wconf 84' lang='lat' dir='ltr'>sed</span> <span class='ocrx_word' id='word_1_48' title='bbox 1413 1428 1766 1495; x_wconf 81' lang='lat' dir='ltr'>dialecticae</span> <span class='ocrx_word' id='word_1_49' title='bbox 1812 1428 1986 1494; x_wconf 85' lang='lat' dir='ltr'>initia</span> <span class='ocrx_word' id='word_1_50' title='bbox 2005 1475 2040 1509; x_wconf 50' lang='lat'>,.</span> 
     </span>
     <span class='ocr_line' id='line_1_10' title="bbox 164 1544 2041 1632; baseline -0.002 -19"><span class='ocrx_word' id='word_1_51' title='bbox 164 1566 335 1632; x_wconf 88' lang='lat' dir='ltr'>quae</span> <span class='ocrx_word' id='word_1_52' title='bbox 385 1561 453 1613; x_wconf 87' lang='lat' dir='ltr'>et</span> <span class='ocrx_word' id='word_1_53' title='bbox 505 1548 676 1631; x_wconf 86' lang='lat' dir='ltr'>justa</span> <span class='ocrx_word' id='word_1_54' title='bbox 745 1560 912 1612; x_wconf 88' lang='lat' dir='ltr'>esset</span> <span class='ocrx_word' id='word_1_55' title='bbox 983 1564 1101 1612; x_wconf 91' lang='lat' dir='ltr'>nec</span> <span class='ocrx_word' id='word_1_56' title='bbox 1161 1546 1242 1610; x_wconf 89' lang='lat' dir='ltr'>ad</span> <span class='ocrx_word' id='word_1_57' title='bbox 1315 1544 1737 1625; x_wconf 83' lang='lat' dir='ltr'>eloquentiam</span> <span class='ocrx_word' id='word_1_58' title='bbox 1791 1557 2041 1609; x_wconf 87' lang='lat' dir='ltr'>tantum</span> 
     </span>
     <span class='ocr_line' id='line_1_11' title="bbox 162 1658 2044 1744; baseline -0.003 -14"><span class='ocrx_word' id='word_1_59' title='bbox 162 1662 631 1731; x_wconf 83' lang='lat' dir='ltr'>informandam</span> <span class='ocrx_word' id='word_1_60' title='bbox 678 1661 839 1743; x_wconf 86' lang='lat' dir='ltr'>rite,</span> <span class='ocrx_word' id='word_1_61' title='bbox 925 1662 1040 1727; x_wconf 85' lang='lat' dir='ltr'>scd</span> <span class='ocrx_word' id='word_1_62' title='bbox 1091 1660 1167 1726; x_wconf 88' lang='lat' dir='ltr'>ad</span> <span class='ocrx_word' id='word_1_63' title='bbox 1216 1659 1415 1744; x_wconf 84' lang='lat' dir='ltr'>ipsam</span> <span class='ocrx_word' id='word_1_64' title='bbox 1464 1660 1786 1726; x_wconf 88' lang='lat' dir='ltr'>colendam</span> <span class='ocrx_word' id='word_1_65' title='bbox 1828 1658 2044 1743; x_wconf 86' lang='lat' dir='ltr'>philo-</span> 
     </span>
     <span class='ocr_line' id='line_1_12' title="bbox 156 1775 2039 1863; baseline -0.001 -18"><span class='ocrx_word' id='word_1_66' title='bbox 156 1779 462 1863; x_wconf 77' lang='lat' dir='ltr'>sophiam</span> <span class='ocrx_word' id='word_1_67' title='bbox 534 1779 810 1861; x_wconf 85' lang='lat' dir='ltr'>valeret,</span> <span class='ocrx_word' id='word_1_68' title='bbox 891 1777 1080 1861; x_wconf 82' lang='lat' dir='ltr'>hujus</span> <span class='ocrx_word' id='word_1_69' title='bbox 1137 1775 1312 1842; x_wconf 75' lang='lat' dir='ltr'>Initia</span> <span class='ocrx_word' id='word_1_70' title='bbox 1375 1775 1456 1843; x_wconf 91' lang='lat' dir='ltr'>ab</span> <span class='ocrx_word' id='word_1_71' title='bbox 1531 1794 1658 1841; x_wconf 90' lang='lat' dir='ltr'>uno</span> <span class='ocrx_word' id='word_1_72' title='bbox 1736 1776 2039 1844; x_wconf 85' lang='lat' dir='ltr'>videntur</span> 
     </span>
     <span class='ocr_line' id='line_1_13' title="bbox 158 1892 2035 1979; baseline -0.002 -14"><span class='ocrx_word' id='word_1_73' title='bbox 158 1898 436 1965; x_wconf 87' lang='lat' dir='ltr'>Socrate</span> <span class='ocrx_word' id='word_1_74' title='bbox 491 1896 752 1962; x_wconf 79' lang='lat' dir='ltr'>maxime</span> <span class='ocrx_word' id='word_1_75' title='bbox 809 1895 1164 1979; x_wconf 87' lang='lat' dir='ltr'>repetenda.</span> <span class='ocrx_word' id='word_1_76' title='bbox 1268 1893 1444 1979; x_wconf 88' lang='lat' dir='ltr'>Quid</span> <span class='ocrx_word' id='word_1_77' title='bbox 1505 1892 1629 1959; x_wconf 84' lang='lat' dir='ltr'>sibi</span> <span class='ocrx_word' id='word_1_78' title='bbox 1677 1895 1871 1960; x_wconf 86' lang='lat' dir='ltr'>vellet</span> <span class='ocrx_word' id='word_1_79' title='bbox 1923 1894 2035 1962; x_wconf 84' lang='lat' dir='ltr'>ille</span> 
     </span>
     <span class='ocr_line' id='line_1_14' title="bbox 166 2008 2041 2097; baseline -0.003 -14"><span class='ocrx_word' id='word_1_80' title='bbox 166 2014 622 2097; x_wconf 81' lang='lat' dir='ltr'>interrogando</span> <span class='ocrx_word' id='word_1_81' title='bbox 674 2012 1119 2097; x_wconf 88' lang='lat' dir='ltr'>arguendoque</span> <span class='ocrx_word' id='word_1_82' title='bbox 1136 2058 1162 2092; x_wconf 90' lang='lat'>,</span> <span class='ocrx_word' id='word_1_83' title='bbox 1207 2012 1386 2092; x_wconf 90' lang='lat' dir='ltr'>quod</span> <span class='ocrx_word' id='word_1_84' title='bbox 1441 2009 1508 2074; x_wconf 87' lang='lat' dir='ltr'>in</span> <span class='ocrx_word' id='word_1_85' title='bbox 1526 2073 1529 2078; x_wconf 79' lang='grc'><em>,</em></span> <span class='ocrx_word' id='word_1_86' title='bbox 1546 2008 1932 2092; x_wconf 77' lang='lat' dir='ltr'>gymnasiis,</span> <span class='ocrx_word' id='word_1_87' title='bbox 1970 2009 2041 2077; x_wconf 85' lang='lat' dir='ltr'>in</span> 
     </span>
     <span class='ocr_line' id='line_1_15' title="bbox 157 2123 2039 2209; baseline -0.004 -11"><span class='ocrx_word' id='word_1_88' title='bbox 157 2131 311 2199; x_wconf 79' lang='lat' dir='ltr'>foro</span> <span class='ocrx_word' id='word_1_89' title='bbox 365 2145 439 2197; x_wconf 87' lang='lat' dir='ltr'>et</span> <span class='ocrx_word' id='word_1_90' title='bbox 492 2129 683 2194; x_wconf 86' lang='lat' dir='ltr'>nullis</span> <span class='ocrx_word' id='word_1_91' title='bbox 730 2146 862 2192; x_wconf 88' lang='lat' dir='ltr'>non</span> <span class='ocrx_word' id='word_1_92' title='bbox 914 2127 1145 2192; x_wconf 89' lang='lat' dir='ltr'>civium</span> <span class='ocrx_word' id='word_1_93' title='bbox 1210 2124 1632 2193; x_wconf 84' lang='lat' dir='ltr'>conventibus</span> <span class='ocrx_word' id='word_1_94' title='bbox 1672 2123 2039 2209; x_wconf 82' lang='lat' dir='ltr'>factitabat,</span> 
     </span>
     <span class='ocr_line' id='line_1_16' title="bbox 155 2243 2041 2329; baseline -0.003 -14"><span class='ocrx_word' id='word_1_95' title='bbox 155 2265 293 2315; x_wconf 88' lang='lat' dir='ltr'>non</span> <span class='ocrx_word' id='word_1_96' title='bbox 351 2245 862 2327; x_wconf 83' lang='lat' dir='ltr'>adsequebantur</span> <span class='ocrx_word' id='word_1_97' title='bbox 904 2245 1238 2328; x_wconf 82' lang='lat' dir='ltr'>aequales3</span> <span class='ocrx_word' id='word_1_98' title='bbox 1294 2263 1431 2326; x_wconf 89' lang='lat' dir='ltr'>quo</span> <span class='ocrx_word' id='word_1_99' title='bbox 1491 2243 1717 2310; x_wconf 86' lang='lat' dir='ltr'>accidit</span> <span class='ocrx_word' id='word_1_100' title='bbox 1741 2290 1770 2325; x_wconf 92' lang='lat'>,</span> <span class='ocrx_word' id='word_1_101' title='bbox 1811 2258 1889 2310; x_wconf 91' lang='lat' dir='ltr'>ut</span> <span class='ocrx_word' id='word_1_102' title='bbox 1927 2261 2041 2329; x_wconf 84' lang='lat' dir='ltr'>pe-</span> 
     </span>
     <span class='ocr_line' id='line_1_17' title="bbox 154 2358 2034 2446; baseline -0.001 -19"><span class='ocrx_word' id='word_1_103' title='bbox 154 2362 396 2429; x_wconf 86' lang='lat' dir='ltr'>culiare</span> <span class='ocrx_word' id='word_1_104' title='bbox 443 2360 568 2424; x_wconf 91' lang='lat' dir='ltr'>hoc</span> <span class='ocrx_word' id='word_1_105' title='bbox 625 2358 941 2425; x_wconf 84' lang='lat' dir='ltr'>videretur</span> <span class='ocrx_word' id='word_1_106' title='bbox 989 2359 1369 2446; x_wconf 73' lang='lat' dir='ltr'>sophisticae</span> <span class='ocrx_word' id='word_1_107' title='bbox 1425 2377 1623 2444; x_wconf 86' lang='lat' dir='ltr'>genus</span> <span class='ocrx_word' id='word_1_108' title='bbox 1678 2377 1824 2426; x_wconf 86' lang='lat' dir='ltr'>esse</span> <span class='ocrx_word' id='word_1_109' title='bbox 1845 2407 1872 2442; x_wconf 92' lang='lat'>,</span> <span class='ocrx_word' id='word_1_110' title='bbox 1935 2373 2034 2426; x_wconf 85' lang='lat' dir='ltr'>at-</span> 
     </span>
     <span class='ocr_line' id='line_1_18' title="bbox 155 2474 2033 2563; baseline -0.001 -17"><span class='ocrx_word' id='word_1_111' title='bbox 155 2499 288 2562; x_wconf 86' lang='lat' dir='ltr'>que</span> <span class='ocrx_word' id='word_1_112' title='bbox 351 2479 511 2563; x_wconf 89' lang='lat' dir='ltr'>ipse</span> <span class='ocrx_word' id='word_1_113' title='bbox 565 2495 602 2540; x_wconf 89' lang='lat' dir='ltr'>a</span> <span class='ocrx_word' id='word_1_114' title='bbox 656 2474 913 2539; x_wconf 91' lang='lat' dir='ltr'>comicis</span> <span class='ocrx_word' id='word_1_115' title='bbox 989 2488 1299 2556; x_wconf 85' lang='lat' dir='ltr'>tamquam</span> <span class='ocrx_word' id='word_1_116' title='bbox 1354 2493 1521 2540; x_wconf 89' lang='lat' dir='ltr'>unus</span> <span class='ocrx_word' id='word_1_117' title='bbox 1593 2474 2033 2561; x_wconf 86' lang='lat' dir='ltr'>Sophistarum</span> 
     </span>
     <span class='ocr_line' id='line_1_19' title="bbox 149 2590 2037 2674; baseline -0.001 -11"><span class='ocrx_word' id='word_1_118' title='bbox 149 2597 219 2663; x_wconf 89' lang='lat' dir='ltr'>in</span> <span class='ocrx_word' id='word_1_119' title='bbox 301 2611 504 2660; x_wconf 85' lang='lat' dir='ltr'>scena</span> <span class='ocrx_word' id='word_1_120' title='bbox 578 2591 1043 2674; x_wconf 80' lang='lat' dir='ltr'>traduceretur3</span> <span class='ocrx_word' id='word_1_121' title='bbox 1127 2590 1371 2673; x_wconf 83' lang='lat' dir='ltr'>posteri</span> <span class='ocrx_word' id='word_1_122' title='bbox 1434 2592 1679 2658; x_wconf 91' lang='lat' dir='ltr'>demum</span> <span class='ocrx_word' id='word_1_123' title='bbox 1733 2593 1801 2660; x_wconf 92' lang='lat' dir='ltr'>id</span> <span class='ocrx_word' id='word_1_124' title='bbox 1851 2594 2037 2662; x_wconf 85' lang='lat' dir='ltr'>intel-</span> 
     </span>
     <span class='ocr_line' id='line_1_20' title="bbox 145 2709 2036 2790; baseline 0.001 -11"><span class='ocrx_word' id='word_1_125' title='bbox 145 2715 466 2779; x_wconf 79' lang='lat' dir='ltr'>lexerunt</span> <span class='ocrx_word' id='word_1_126' title='bbox 485 2755 509 2787; x_wconf 89' lang='lat'>,</span> <span class='ocrx_word' id='word_1_127' title='bbox 553 2721 895 2790; x_wconf 87' lang='lat' dir='ltr'>postquam</span> <span class='ocrx_word' id='word_1_128' title='bbox 952 2726 1098 2771; x_wconf 90' lang='lat' dir='ltr'>cum</span> <span class='ocrx_word' id='word_1_129' title='bbox 1152 2709 1256 2773; x_wconf 87' lang='lat' dir='ltr'>alii</span> <span class='ocrx_word' id='word_1_130' title='bbox 1315 2709 1657 2789; x_wconf 87' lang='lat' dir='ltr'>Socratici,</span> <span class='ocrx_word' id='word_1_131' title='bbox 1720 2726 1854 2777; x_wconf 89' lang='lat' dir='ltr'>tum</span> <span class='ocrx_word' id='word_1_132' title='bbox 1906 2715 2036 2781; x_wconf 82' lang='lat' dir='ltr'>Xe·</span> 
     </span>
     <span class='ocr_line' id='line_1_21' title="bbox 147 2822 2034 2912; baseline 0.001 -17"><span class='ocrx_word' id='word_1_133' title='bbox 147 2827 444 2912; x_wconf 74' lang='lat' dir='ltr'>nophon</span> <span class='ocrx_word' id='word_1_134' title='bbox 491 2838 555 2888; x_wconf 92' lang='lat' dir='ltr'>et</span> <span class='ocrx_word' id='word_1_135' title='bbox 600 2823 782 2887; x_wconf 85' lang='lat' dir='ltr'>Plato</span> <span class='ocrx_word' id='word_1_136' title='bbox 830 2822 991 2886; x_wconf 88' lang='lat' dir='ltr'>hanc</span> <span class='ocrx_word' id='word_1_137' title='bbox 1052 2841 1261 2888; x_wconf 88' lang='lat' dir='ltr'>veram</span> <span class='ocrx_word' id='word_1_138' title='bbox 1320 2824 1695 2892; x_wconf 90' lang='lat' dir='ltr'>dialecticam</span> <span class='ocrx_word' id='word_1_139' title='bbox 1717 2874 1742 2910; x_wconf 89' lang='lat'>,</span> <span class='ocrx_word' id='word_1_140' title='bbox 1788 2829 2034 2898; x_wconf 88' lang='lat' dir='ltr'>traden-</span> 
     </span>
     <span class='ocr_line' id='line_1_22' title="bbox 151 2919 2089 3033; baseline 0.003 -24"><span class='ocrx_word' id='word_1_141' title='bbox 151 2943 256 3009; x_wconf 89' lang='lat' dir='ltr'>dis</span> <span class='ocrx_word' id='word_1_142' title='bbox 318 2943 471 3027; x_wconf 85' lang='lat' dir='ltr'>ejus</span> <span class='ocrx_word' id='word_1_143' title='bbox 515 2929 960 3018; x_wconf 87' lang='lat' dir='ltr'>sermonibus,</span> <span class='ocrx_word' id='word_1_144' title='bbox 1004 2954 1445 3021; x_wconf 81' lang='lat' dir='ltr'>exposuerant.</span> <span class='ocrx_word' id='word_1_145' title='bbox 1533 2941 1606 3011; x_wconf 89' lang='lat' dir='ltr'>Id</span> <span class='ocrx_word' id='word_1_146' title='bbox 1640 2962 1848 3013; x_wconf 87' lang='lat' dir='ltr'>autem</span> <span class='ocrx_word' id='word_1_147' title='bbox 1886 2969 2037 3033; x_wconf 88' lang='lat' dir='ltr'>prae</span> <span class='ocrx_word' id='word_1_148' title='bbox 2083 2919 2089 2926; x_wconf 37' lang='lat'>⁵</span> 
     </span>
     <span class='ocr_line' id='line_1_23' title="bbox 147 3052 2038 3146; baseline 0.003 -22"><span class='ocrx_word' id='word_1_149' title='bbox 147 3059 417 3128; x_wconf 85' lang='lat' dir='ltr'>caeteris</span> <span class='ocrx_word' id='word_1_150' title='bbox 481 3052 750 3121; x_wconf 81' lang='lat' dir='ltr'>maxime</span> <span class='ocrx_word' id='word_1_151' title='bbox 808 3052 1150 3136; x_wconf 85' lang='lat' dir='ltr'>patefacere</span> <span class='ocrx_word' id='word_1_152' title='bbox 1207 3057 1384 3124; x_wconf 88' lang='lat' dir='ltr'>Plato</span> <span class='ocrx_word' id='word_1_153' title='bbox 1438 3062 1684 3127; x_wconf 90' lang='lat' dir='ltr'>studuit</span> <span class='ocrx_word' id='word_1_154' title='bbox 1707 3109 1733 3143; x_wconf 91' lang='lat'>,</span> <span class='ocrx_word' id='word_1_155' title='bbox 1795 3063 1911 3146; x_wconf 90' lang='lat' dir='ltr'>qui</span> <span class='ocrx_word' id='word_1_156' title='bbox 1970 3080 2038 3129; x_wconf 89' lang='lat' dir='ltr'>et</span> 
     </span>
     <span class='ocr_line' id='line_1_24' title="bbox 153 3170 2037 3258; baseline 0.001 -14"><span class='ocrx_word' id='word_1_157' title='bbox 153 3179 466 3244; x_wconf 87' lang='lat' dir='ltr'>rationem</span> <span class='ocrx_word' id='word_1_158' title='bbox 538 3174 732 3257; x_wconf 84' lang='lat' dir='ltr'>hujus</span> <span class='ocrx_word' id='word_1_159' title='bbox 773 3170 1141 3239; x_wconf 86' lang='lat' dir='ltr'>dialecticae</span> <span class='ocrx_word' id='word_1_160' title='bbox 1184 3188 1251 3241; x_wconf 89' lang='lat' dir='ltr'>et</span> <span class='ocrx_word' id='word_1_161' title='bbox 1303 3175 1435 3242; x_wconf 86' lang='lat' dir='ltr'>vim</span> <span class='ocrx_word' id='word_1_162' title='bbox 1461 3223 1487 3257; x_wconf 90' lang='lat'>,</span> <span class='ocrx_word' id='word_1_163' title='bbox 1575 3196 1758 3258; x_wconf 90' lang='lat' dir='ltr'>quam</span> <span class='ocrx_word' id='word_1_164' title='bbox 1812 3180 1877 3244; x_wconf 91' lang='lat' dir='ltr'>in</span> <span class='ocrx_word' id='word_1_165' title='bbox 1923 3200 2037 3247; x_wconf 90' lang='lat' dir='ltr'>au-</span> 
     </span>
     <span class='ocr_line' id='line_1_25' title="bbox 153 3287 2040 3374; baseline -0.001 -14"><span class='ocrx_word' id='word_1_166' title='bbox 153 3295 467 3361; x_wconf 86' lang='lat' dir='ltr'>dientium</span> <span class='ocrx_word' id='word_1_167' title='bbox 515 3289 760 3356; x_wconf 87' lang='lat' dir='ltr'>animos</span> <span class='ocrx_word' id='word_1_168' title='bbox 819 3287 1118 3369; x_wconf 89' lang='lat' dir='ltr'>haberet,</span> <span class='ocrx_word' id='word_1_169' title='bbox 1161 3288 1511 3355; x_wconf 86' lang='lat' dir='ltr'>scribendis</span> <span class='ocrx_word' id='word_1_170' title='bbox 1568 3291 1886 3374; x_wconf 85' lang='lat' dir='ltr'>dialogis,</span> <span class='ocrx_word' id='word_1_171' title='bbox 1928 3312 2040 3360; x_wconf 83' lang='lat' dir='ltr'>ex-</span> 
     </span>
     <span class='ocr_line' id='line_1_26' title="bbox 156 3404 2043 3495; baseline -0.003 -22"><span class='ocrx_word' id='word_1_172' title='bbox 156 3408 510 3495; x_wconf 79' lang='lat' dir='ltr'>primeret:</span> <span class='ocrx_word' id='word_1_173' title='bbox 553 3406 720 3472; x_wconf 87' lang='lat' dir='ltr'>idem</span> <span class='ocrx_word' id='word_1_174' title='bbox 762 3405 916 3472; x_wconf 87' lang='lat' dir='ltr'>adeo</span> <span class='ocrx_word' id='word_1_175' title='bbox 962 3404 1183 3473; x_wconf 80' lang='lat' dir='ltr'>iisdem</span> <span class='ocrx_word' id='word_1_176' title='bbox 1243 3406 1556 3490; x_wconf 79' lang='lat' dir='ltr'>dialogis,</span> <span class='ocrx_word' id='word_1_177' title='bbox 1602 3427 1762 3490; x_wconf 89' lang='lat' dir='ltr'>quae</span> <span class='ocrx_word' id='word_1_178' title='bbox 1798 3409 1904 3474; x_wconf 88' lang='lat' dir='ltr'>vel</span> <span class='ocrx_word' id='word_1_179' title='bbox 1942 3406 2043 3492; x_wconf 84' lang='lat' dir='ltr'>ip·</span> 
     </span>
     <span class='ocr_line' id='line_1_27' title="bbox 159 3523 2042 3620; baseline 0 -27"><span class='ocrx_word' id='word_1_180' title='bbox 159 3546 237 3593; x_wconf 85' lang='lat' dir='ltr'>se</span> <span class='ocrx_word' id='word_1_181' title='bbox 291 3525 361 3590; x_wconf 89' lang='lat' dir='ltr'>in</span> <span class='ocrx_word' id='word_1_182' title='bbox 413 3523 532 3587; x_wconf 89' lang='lat' dir='ltr'>hac</span> <span class='ocrx_word' id='word_1_183' title='bbox 581 3538 715 3589; x_wconf 86' lang='lat' dir='ltr'>arte</span> <span class='ocrx_word' id='word_1_184' title='bbox 766 3523 1135 3603; x_wconf 84' lang='lat' dir='ltr'>invenerat,</span> <span class='ocrx_word' id='word_1_185' title='bbox 1177 3527 1281 3589; x_wconf 80' lang='lat' dir='ltr'>vel</span> <span class='ocrx_word' id='word_1_186' title='bbox 1324 3542 1364 3591; x_wconf 86' lang='lat' dir='ltr'>e</span> <span class='ocrx_word' id='word_1_187' title='bbox 1405 3523 1685 3592; x_wconf 87' lang='lat' dir='ltr'>Socratis</span> <span class='ocrx_word' id='word_1_188' title='bbox 1742 3525 2042 3620; x_wconf 66' lang='lat' dir='ltr'>aliorum·</span> 
     </span>
     <span class='ocr_line' id='line_1_28' title="bbox 158 3638 2039 3728; baseline 0.002 -18"><span class='ocrx_word' id='word_1_189' title='bbox 158 3663 296 3728; x_wconf 88' lang='lat' dir='ltr'>que</span> <span class='ocrx_word' id='word_1_190' title='bbox 350 3638 602 3707; x_wconf 85' lang='lat' dir='ltr'>ratione</span> <span class='ocrx_word' id='word_1_191' title='bbox 660 3640 964 3721; x_wconf 87' lang='lat' dir='ltr'>duxerat,</span> <span class='ocrx_word' id='word_1_192' title='bbox 1046 3642 1414 3722; x_wconf 80' lang='lat' dir='ltr'>complexus</span> <span class='ocrx_word' id='word_1_193' title='bbox 1482 3655 1622 3706; x_wconf 76' lang='lat' dir='ltr'>est:</span> <span class='ocrx_word' id='word_1_194' title='bbox 1710 3655 1783 3706; x_wconf 91' lang='lat' dir='ltr'>ut</span> <span class='ocrx_word' id='word_1_195' title='bbox 1850 3644 2039 3714; x_wconf 86' lang='lat' dir='ltr'>nobis</span> 
     </span>
     <span class='ocr_line' id='line_1_29' title="bbox 157 3755 2037 3844; baseline -0.001 -14"><span class='ocrx_word' id='word_1_196' title='bbox 157 3780 338 3830; x_wconf 86' lang='lat' dir='ltr'>nunc</span> <span class='ocrx_word' id='word_1_197' title='bbox 415 3755 668 3841; x_wconf 84' lang='lat' dir='ltr'>quidem</span> <span class='ocrx_word' id='word_1_198' title='bbox 695 3806 720 3840; x_wconf 92' lang='lat'>,</span> <span class='ocrx_word' id='word_1_199' title='bbox 806 3758 863 3823; x_wconf 88' lang='lat' dir='ltr'>si</span> <span class='ocrx_word' id='word_1_200' title='bbox 923 3775 1274 3844; x_wconf 88' lang='lat' dir='ltr'>germanae</span> <span class='ocrx_word' id='word_1_201' title='bbox 1319 3755 1673 3822; x_wconf 77' lang='lat' dir='ltr'>dialectIcae</span> <span class='ocrx_word' id='word_1_202' title='bbox 1738 3759 2037 3832; x_wconf 89' lang='lat' dir='ltr'>rationem</span> 
     </span>
     <span class='ocr_line' id='line_1_30' title="bbox 159 3872 2075 3974; baseline 0.001 -29"><span class='ocrx_word' id='word_1_203' title='bbox 159 3896 383 3945; x_wconf 77' lang='lat' dir='ltr'>veram</span> <span class='ocrx_word' id='word_1_204' title='bbox 442 3875 704 3959; x_wconf 87' lang='lat' dir='ltr'>adsequi</span> <span class='ocrx_word' id='word_1_205' title='bbox 759 3877 1027 3944; x_wconf 86' lang='lat' dir='ltr'>velimus</span> <span class='ocrx_word' id='word_1_206' title='bbox 1050 3923 1077 3958; x_wconf 94' lang='lat'>,</span> <span class='ocrx_word' id='word_1_207' title='bbox 1159 3891 1244 3972; x_wconf 79' lang='lat' dir='ltr'>ex</span> <span class='ocrx_word' id='word_1_208' title='bbox 1291 3872 1393 3936; x_wconf 89' lang='lat' dir='ltr'>his</span> <span class='ocrx_word' id='word_1_209' title='bbox 1447 3872 1708 3942; x_wconf 84' lang='lat' dir='ltr'>maxime</span> <span class='ocrx_word' id='word_1_210' title='bbox 1752 3874 2075 3974; x_wconf 43' lang='lat' dir='ltr'>fontibus·</span> 
     </span>
     <span class='ocr_line' id='line_1_31' title="bbox 163 3987 2045 4077; baseline -0.005 -13"><span class='ocrx_word' id='word_1_211' title='bbox 163 3991 585 4064; x_wconf 69' lang='lat' dir='ltr'>hausimdum</span> <span class='ocrx_word' id='word_1_212' title='bbox 641 3991 749 4062; x_wconf 76' lang='lat' dir='ltr'>sit.</span> <span class='ocrx_word' id='word_1_213' title='bbox 833 3989 1078 4065; x_wconf 76' lang='lat' dir='ltr'>Patebit</span> <span class='ocrx_word' id='word_1_214' title='bbox 1125 3989 1214 4057; x_wconf 75' lang='lat' dir='ltr'>ita</span> <span class='ocrx_word' id='word_1_215' title='bbox 1271 3987 1560 4059; x_wconf 73' lang='lat' dir='ltr'>omnibus</span> <span class='ocrx_word' id='word_1_216' title='bbox 1578 4037 1605 4076; x_wconf 89' lang='lat'>,</span> <span class='ocrx_word' id='word_1_217' title='bbox 1667 3998 1853 4077; x_wconf 88' lang='lat' dir='ltr'>quod</span> <span class='ocrx_word' id='word_1_218' title='bbox 1876 4010 2045 4058; x_wconf 83' lang='lat' dir='ltr'>non·</span> 
     </span>
    </p>

    <p class='ocr_par' dir='ltr' id='par_1_4' title="bbox 1080 4104 2053 4178">
     <span class='ocr_line' id='line_1_32' title="bbox 1080 4104 2053 4178; baseline -0.004 0"><span class='ocrx_word' id='word_1_219' title='bbox 1080 4107 1136 4178; x_wconf 78' lang='lat' dir='ltr'>F</span> <span class='ocrx_word' id='word_1_220' title='bbox 1895 4104 2053 4178; x_wconf 73' lang='lat' dir='ltr'>dum</span> 
     </span>
    </p>
   </div>
  </div>
 </body>
</html>
