2792 5167
927 500 1021 518 -·
1072 487 1315 535 101-

217 651 446 718 demus
468 697 492 734 ‚
566 667 636 718 ut
693 651 767 718 ab
833 649 1199 718 hominibus
1255 661 1658 734 usurparetur
1716 672 1831 735 pro
1894 675 2076 741 gym-

218 769 456 835 nastica
500 770 800 856 fucanda·
819 815 843 850 ‚
917 786 1043 852 pro
1104 766 1404 834 medicina
1477 770 1848 855 coquinaria
1909 772 2072 854 peri.

214 885 356 966 tia,
402 886 462 952 in
505 887 717 971 primis
758 904 904 952 vero
958 898 1024 951 et
1062 884 1140 950 ad
1182 901 1496 950 summum
1533 881 2068 951 hominis-detri-

215 1016 493 1070 mentum
565 1023 684 1088 pro
740 1002 1110 1089 legislatoria
1167 1002 1482 1069 coleretur
1538 1003 1825 1088 σοφιςικὺ
1845 1047 1871 1082 ,
1956 1018 2075 1085 pro

203 1118 445 1201 iustitia
483 1124 773 1206 ῥητορικὴ.
818 1118 886 1158 ‘⁸³
1178 1181 1183 1186 .
1250 1189 1257 1194 ,

282 1234 423 1301 Hac
480 1237 663 1303 Plato
743 1236 1151 1303 festivissima
1242 1235 1676 1319 disputatione
1766 1235 2081 1321 vulgarem

201 1350 309 1416 sui
343 1351 483 1417 aevi
528 1368 1025 1433 perversamque
1064 1351 1480 1432 eloquentiam
1523 1349 1918 1435 perstrinxit:
1964 1370 2082 1419 nec

202 1484 371 1533 vero
429 1464 715 1549 pepercit
787 1464 854 1530 in
910 1466 1127 1532 eodem
1184 1466 1452 1562 dialogo¹
1501 1467 1838 1551 superioris
1899 1469 2083 1539 etiam

205 1580 451 1648 saeculi
508 1581 908 1661 oratoribus,
971 1581 1293 1664 Miltiadi,
1358 1582 1818 1665 Themistocli,
1864 1584 2086 1652 Cimo-

203 1697 274 1763 ni
299 1745 324 1780 ,
395 1716 479 1765 ne
536 1696 659 1781 ipsi
710 1698 865 1763 adeo
917 1697 1135 1764 Pericli
1156 1745 1181 1779 ,
1245 1716 1432 1781 quem
1489 1699 1554 1765 in
1602 1699 1884 1766 Phaedro
1941 1702 2076 1768 lau·

197 1815 484 1883 daverat.
570 1814 768 1902 Quod
829 1828 898 1879 ut
958 1814 1101 1897 quis
1144 1815 1405 1881 miratur
1437 1813 1603 1882 forte
1624 1863 1650 1896 ‚
1691 1817 1908 1883 mirata
1943 1835 2077 1884 cer·

199 1944 271 1999 te
314 1951 447 1998 rem
501 1929 841 2011 antiquitas
907 1946 1052 2012 est,
1094 1931 1181 1997 ita
1227 1950 1595 2015 quaeramus
1644 1951 1901 2000 necesse
1934 1948 2077 2017 est,

202 2066 365 2131 quae
430 2047 672 2114 tandem
734 2047 835 2113 illa
888 2048 1246 2131 eloquentia
1308 2049 1433 2130 sit,
1480 2068 1664 2132 quam
1686 2096 1711 2130 ,
1755 2049 1836 2116 de
1870 2049 2070 2134 ipsius

203 2165 557 2246 sententia,
601 2180 913 2231 oratorum
945 2166 1145 2230 adhuc
1189 2165 1501 2250 attigisset
1550 2185 1758 2234 neme.
1850 2166 2067 2253 Vulgo

198 2282 343 2348 duci
403 2298 718 2347 oratorum
775 2281 1158 2362 vituperatio
1215 2282 1323 2345 illa
1342 2328 1369 2361 ‚
1434 2300 1620 2360 quam
1675 2283 1822 2347 data
1878 2287 2074 2365 opera

197 2397 600 2464 orationibus
663 2394 958 2459 refutavit
1018 2395 1331 2459 Aristides
1415 2394 1664 2459 Rhetor
1685 2440 1711 2475 ,
1775 2413 1856 2461 ex
1924 2397 2073 2463 odio

194 2511 487 2582 Platonis
550 2510 617 2576 in
679 2509 980 2592 politicos
1037 2508 1208 2575 viros
1272 2511 1482 2590 solet3
1565 2529 1682 2595 ego
1736 2531 1888 2579 vero
1941 2533 2069 2582 rem

200 2633 429 2716 paullo
482 2629 671 2694 altius
734 2643 801 2693 et
860 2645 939 2691 ex
996 2625 1153 2709 ipsis
1224 2626 1581 2692 Platonicae
1638 2628 2074 2709 philosophiae

204 2739 548 2831 principiis
609 2755 904 2824 repetam.
1034 2739 1223 2805 Haud
1285 2738 1421 2804 aliis
1481 2739 1765 2822 equidem
1839 2742 2077 2809 caussis

202 2863 472 2940 tribum,
537 2859 714 2943 quod
760 2839 1365 2941 praestantissimos*
1402 2856 1519 2921 hos
1566 2869 1843 2924 oratores
1908 2858 2076 2925 vitu-

198 2978 451 3067 peravit
512 2975 988 3061 philosophus,
1063 2991 1243 3054 quam
1300 2973 1516 3040 iisdem
1578 2974 1747 3055 illis,
1834 2975 2068 3059 quibus

199 3099 508 3165 adductus
532 3142 557 3176 ‚
644 3092 711 3158 in
782 3090 1094 3158 civitatem
1175 3108 1302 3156 non
1381 3090 1625 3157 admisit
1687 3092 2062 3163 Homerum.

202 3215 400 3303 Quod
453 3232 584 3296 quo
628 3209 993 3294 diligentius
1051 3207 1577 3290 exploraverimus
1602 3254 1629 3287 ‚
1671 3207 1759 3272 ita
1804 3208 1882 3275 de
1924 3223 2069 3291 per-

206 3326 381 3394 fecto
425 3342 669 3393 oratore
710 3322 995 3391 Platonis
1041 3321 1535 3389 existimabimus
1580 3320 1820 3386 verius.

305 3442 674 3509 Audivimus
727 3440 1025 3525 Gorgiam
1049 3485 1074 3519 ,
1141 3440 1298 3521 qui,
1363 3455 1550 3518 quam
1616 3436 1843 3516 inane,
1887 3455 2072 3516 quam

218 3555 462 3623 homini
512 3555 929 3638 perniciosum
992 3569 1196 3634 esset,
1283 3571 1414 3636 quo
1481 3552 1869 3633 ducebatur,
1946 3556 2078 3620 eio-

217 3673 514 3759 quentiae
562 3673 831 3739 studium
850 3719 875 3752 ‚
936 3692 973 3738 a
1029 3671 1284 3738 Socrate
1338 3683 1596 3734 coactus
1652 3681 1752 3735 est
1806 3670 2069 3738 confite-

214 3793 305 3874 ri;
376 3807 546 3856 nunc
592 3788 903 3856 Calliclem
958 3789 1319 3867 audiamuS,
1384 3786 1496 3868 qui
1549 3790 1664 3876 sud
1724 3803 1950 3873 sponte
1999 3790 2063 3855 in

1926 3907 2108 3990 phi··

290 4046 373 4116 (ι)
408 4042 585 4114 Gorg·
618 4041 723 4100 464
757 4042 815 4096 Β.
