2792 5167
1092 426 1195 460 ·-
1246 411 1357 476 181
1403 443 1493 463 —

344 594 568 682 jejuna
592 592 704 660 ‘sit
756 603 823 661 et
859 589 1155 673 horrida3
1203 590 1452 658 dicendi
1495 609 1594 658 ars
1628 603 1832 660 autem
1853 637 1881 675 ,
1919 588 2048 659 nisi
2093 587 2220 658 dia·

359 706 642 779 lecticam
705 709 925 776 ducem
998 707 1224 775 habeat
1243 755 1268 790 ‚
1356 705 1563 775 futilis
1634 708 1717 774 sit
1735 756 1760 792 ‚
1820 708 2002 776 firmo
2051 721 2227 777 certe

367 828 559 913 gradu
586 844 717 893 non
755 825 964 912 possit
1015 827 1385 911 procedere.
1471 824 1849 910 Exemplum
1903 826 2088 895 nobis
2126 826 2224 892 in-

354 956 568 1012 ·certae
620 943 1057 1027 huiuscemodi
1114 957 1306 1027 atque
1366 928 1659 1010 erraticae
1722 920 2116 1025 rhetoricae,
2155 944 2224 1009 in

344 1059 642 1128 Phaedro
662 1108 689 1143 ,
753 1075 828 1128 ut
888 1060 1079 1127 modo
1135 1059 1498 1139 monuimus
1527 1107 1553 1142 ‚
1619 1061 1797 1128 Plato
1840 1056 2049 1126 dedit'z
2077 1054 2231 1143 Ly-

361 1179 492 1247 siae
539 1179 683 1245 dico
747 1179 1085 1245 orationem
1143 1178 1309 1243 illam
1332 1224 1356 1259 ,
1420 1196 1580 1260 quae
1640 1170 1817 1244 nulla
1852 1156 2065 1244 habita
2121 1177 2229 1243 de-

276 1370 286 1383 ,
350 1294 616 1365 „fintendi
638 1342 664 1378 ‚
744 1296 1050 1380 partiendi
1075 1342 1101 1377 ‚
1184 1292 1646 1377 distribuendi,
1721 1292 1899 1362 nulla
1967 1286 2227 1360 om'nino
2307 1376 2318 1389 ·

354 1414 718 1481 ‘dialecticae
767 1392 1009 1479 ra‘tione
1031 1458 1056 1493 ‚
1103 1425 1334 1479 temere
1387 1411 1697 1494 nulloque
1723 1410 1959 1479 'ordine
2007 1404 2232 1496 pro'ce-

352 1531 567 1598 ·deret.
656 1530 783 1596 Sed
836 1543 1009 1596 erant
1065 1529 1203 1614 ejus
1261 1538 1460 1594 aetate
1509 1527 1616 1593 alii
1632 1526 1664 1610 '‚
1730 1528 2015 1597 rhetores
2084 1547 2235 1614 pro-

361 1648 507 1734 prie
558 1646 805 1715 dicendi
827 1698 852 1730 ,
899 1645 1011 1730 qui
1052 1661 1216 1712 artes
1265 1643 1510 1712 dicendi
1571 1644 1884 1712 traderent
1901 1692 1927 1729 ‚
1947 1640 2087 1712 ‘nec
2139 1659 2232 1712 ta-

248 1794 264 1814 ν
368 1784 519 1833 men
569 1764 800 1849 magis,
846 1783 1028 1846 quam
1072 1761 1302 1848 Lysias
1361 1746 1726 1846 similesque
1764 1776 2045 1829 oratores
2102 1764 2238 1829 elo-

367 1881 665 1969 quentiae
736 1881 1101 1948 adhiberent
1151 1880 1555 1949 dialecticam.
1641 1880 1943 1947 Festivus
2002 1880 2082 1950 de
2154 1879 2236 1947 iis
2317 1968 2322 1973 ὁ

366 1999 644 2068 Socratis
705 2013 803 2066 est
864 2017 1008 2064 cum
1077 1997 1360 2064 Phaedro
1415 2016 1623 2064 sermo
1648 2043 1674 2079 ‚
1737 1990 1945 2093 eoque
1998 2017 2236 2082 oppor-

368 2117 590 2182 tunius
640 2114 829 2180 nobis
887 2128 1066 2179 totus
1144 2115 1388 2198 legetur
1410 2160 1436 2195 ‚
1503 2132 1635 2196 quo
1691 2112 2026 2182 dilucidius
2092 2115 2240 2182 inde

371 2230 563 2298 nobis
621 2229 940 2316 apparebit
1001 2230 1355 2298 Platonicae
1415 2230 1762 2299 rhetoricae
1832 2232 2230 2317 praestantia.

366 2348 537 2417 Nam
579 2338 954 2433 postquam,
1022 2346 1343 2416 dialectica
1411 2349 1695 2431 laudata,
1752 2353 1952 2433 λόγων
1991 2340 2241 2436 ’τέχνην

364 2481 815 2535 memoraverat
892 2465 1185 2529 Socrates
1208 2509 1232 2542 ‚
1299 2467 1592 2530 haeccine
1615 2513 1639 2545 .‚
1682 2481 1861 2550 rogat
1882 2513 1907 2547 ‚
1950 2469 2055 2534 illa
2113 2484 2238 2551 est,

369 2581 505 2666 qua
557 2575 1070 2661 Thrasymachus
1123 2576 1359 2658 aliique
1398 2577 1540 2660 usi,
1584 2594 1646 2645 et
1687 2579 1812 2662 ipsi
1851 2581 2090 2648 diserti
2114 2583 2243 2649 fac-

368 2696 423 2764 ti
479 2707 631 2761 sunt
670 2707 735 2759 et
788 2691 949 2757 alios
998 2689 1239 2757 faciunt
1287 2690 1654 2776 quicunque
1681 2695 1835 2777 ipsis
1862 2742 1888 2777 ‚
1943 2710 2019 2762 ut
2081 2697 2243 2784 regi-

354 2813 540 2892 -bus,
583 2826 838 2876 munera
886 2805 1162 2874 tribuere
1216 2809 1498 2877 volunt?
1542 2790 1672 2879 Cui
1730 2813 2096 2899 Phaedrus»,
2142 2836 2240 2885 re-

360 2930 465 3016 gii
538 2906 789 3008 quidem
840 2923 929 2989 illi
988 2924 1150 3005 viri,
1218 2925 1515 3010 reponit,
1573 2947 1704 2996 non
1762 2945 1968 3000 tamen
2022 2952 2241 3004 eorum

348 3045 606 3133 periti,
651 3058 812 3130 quae
874 3042 1183 3126 requiris:
1245 3043 1403 3111 hanc
1470 3061 1677 3114 autern
1739 3051 2013 3134 speciem
2069 3070 2240 3123 recte

368 3163 530 3232 mihi
581 3162 836 3229 nornine
890 3160 1201 3244 appellare
1259 3161 1492 3228 videris
1508 3211 1533 3244 ‚
1577 3163 1972 3234 dialecticam
2030 3188 2194 3254 appe
2202 3201 2246 3236 .-

368 3282 550 3348 lans:
613 3277 926 3356 rhetorica
984 3290 1136 3345 vero
1196 3296 1317 3343 nos
1396 3276 1560 3363 fugit
1612 3280 1844 3348 adhuc.
1912 3318 2008 3337 ·-
2068 3284 2244 3371 Quid

312 3388 316 3401 '
358 3396 527 3461 -ais‘i
567 3398 950 3463 Praeclarum
1020 3413 1169 3461 sane
1226 3395 1350 3475 sit,
1399 3397 1574 3478 quod
1615 3397 1693 3464 ab
1753 3411 1889 3465 arte
1928 3398 2246 3468 dialectica

384 3513 736 3596 sejunctum
759 3559 784 3595 ‚
864 3528 1070 3578 tamen
1139 3527 1273 3578 arte
1343 3513 1604 3596 quadam
1687 3513 1924 3583 addisci
1975 3531 2244 3607 ,queat3

368 3644 791 3696 ‘veruntamen
869 3648 1001 3698 non
1091 3632 1511 3716 spernendum
1580 3632 1706 3695 hoc
1785 3630 1901 3697 tibi
1971 3633 2255 3721 mihique

364 3746 528 3815 'este
573 3747 903 3814 dicendum
964 3747 1196 3833 igitur,
1257 3749 1409 3833 quid
1475 3747 1723 3828 reliqua
1771 3750 1856 3835 sit
1914 3752 2261 3820 rhetoricae

369 3884 536 3950 ‚pars
586 3878 828 3948 praeter
890 3865 1292 3933 dialecticam.
1354 3899 1449 3917 —
1507 3865 1823 3934 Permulta
1845 3917 1871 3952 ‚
1929 3889 1973 3935 o
2033 3867 2260 3933 Socra-

394 3995 532 4066 tes,
574 3982 641 4051 in
692 3984 888 4059 'libris
942 3984 1023 4051 de
1078 3997 1210 4051 arte
1262 3984 1542 4051 dicendi
1576 3986 1827 4072 scriptis
1879 3968 2107 4071 tradita
2147 3998 2261 4052 ex·

1954 4114 2146 4168 stant.
2168 4134 2265 4155 --
