2792 5167
1505 482 1892 547 ‘¹42-

772 673 841 720 ea
894 652 1217 720 hominum
1282 663 1517 717 statum
1578 648 2130 730 accommodavit3
2193 649 2314 716 sed
2369 650 2506 714 hoc
2559 651 2662 716 ille

772 769 1091 854 spectabat
1147 769 1211 834 in
1270 766 1536 852 primis,
1595 782 1671 831 ut
1723 766 1808 830 ita
1860 784 1988 832 um
2039 781 2218 834 esset
2267 766 2511 834 civitas
2547 787 2656 835 nec

770 888 1165 971 singulorum
1209 884 1478 952 diversis
1523 882 1749 950 studiis
1787 882 1854 948 in
1893 899 2108 967 partes
2155 864 2651 965 diets-abutetur,

772 1019 911 1074 tum
962 1023 1115 1070 vero
1175 1004 1267 1070 sic
1328 1003 1616 1085 sperabat
1674 997 1853 1080 fore,
1901 1016 1974 1066 ut
2033 1001 2215 1070 cives
2275 1021 2356 1070 se
2393 1004 2646 1069 iuvioem

772 1139 1091 1205 tamquam
1134 1120 1356 1188 fratres
1394 1119 1763 1203 diligerent,
1811 1134 1962 1184 natu
2016 1121 2295 1202 majores
2341 1137 2648 1204 tamquam

764 1255 1062 1331 permees
1122 1253 1546 1304 revererentur
1603 1249 1669 1301 et
1719 1253 1952 1318 pueros
1999 1251 2072 1303 ut
2110 1233 2291 1318 fifios
2327 1237 2460 1320 ipsi
2503 1258 2648 1305 suot

772 1372 1033 1440 paterno
1074 1373 1283 1420 amore
1326 1355 1909 1436 complecterentur.
2005 1352 2280 1439 Qualem
2321 1356 2644 1423 hominm

772 1475 1130 1544 societatem
1155 1517 1181 1553 ‚
1224 1471 1337 1537 sed
1377 1473 1718 1556 sejunctam
1756 1489 1794 1535 a
1823 1470 2006 1537 cirili
2041 1470 2172 1537 vita
2203 1487 2278 1536 et
2309 1473 2644 1554 walo,

772 1609 972 1675 posse
1012 1591 1315 1660 exsistere
1352 1605 1417 1654 et
1453 1607 1555 1654 res
1594 1588 1880 1671 loquitur
1913 1605 1977 1654 et
2025 1589 2302 1656 historia
2335 1608 2496 1674 poet
2521 1594 2644 1661 Ph·

770 1719 979 1774 tonem
1032 1707 1276 1774 docuit.
1366 1707 1552 1776 Talis
1601 1707 1761 1773 euim
1813 1706 2057 1772 exstitit
2109 1726 2228 1790 per
2279 1707 2639 1790 religionm

772 1826 1191 1897 Christianam
1232 1826 1586 1890 communis
1625 1824 1945 1890 homiuum
1980 1823 2254 1904 civitas,
2295 1826 2634 1892 animumn

768 1961 1083 2012 consensu
1160 1939 1645 2025 divinorumque
1715 1941 2087 2007 auctoritate
2165 1961 2634 2027 praeceptorum

766 2067 986 2149 §uncta
1025 2076 1089 2128 et
1130 2060 1429 2127 stabilita.
1518 2060 1644 2126 Sed
1692 2060 1794 2124 his
1841 2059 1930 2124 ita
1968 2060 2050 2124 de
2085 2059 2328 2142 optima
2367 2061 2634 2128 Platonis

776 2181 1092 2264 republica
1138 2179 1431 2257 monitiS,
1469 2177 1858 2258 assequimur
1888 2177 2010 2262 jam
2055 2176 2234 2242 facile
2271 2197 2425 2244 cum
2463 2180 2635 2263 hujus

777 2315 841 2362 et
894 2297 1277 2362 timocratiae
1331 2294 1905 2378 comparationem,
1963 2309 2098 2360 tum
2145 2297 2385 2376 etiam,
2433 2318 2638 2379 quem·

774 2417 1106 2480 admodum
1150 2415 1253 2480 illa
1293 2414 1463 2495 apud
1511 2412 1824 2478 Platonem
1872 2410 1940 2478 in
1983 2412 2143 2477 hanc
2189 2429 2631 2480 commutetur.

776 2533 1129 2616 Neglect0‚
1184 2531 1312 2611 ait,
1361 2530 1594 2596 civium
1646 2529 2004 2595 discrimine
2053 2529 2365 2613 naturali,
2419 2530 2638 2600 coufu-

774 2651 993 2732 sisque
1033 2650 1117 2714 ita
1162 2647 1486 2714 hominum
1535 2647 1910 2730 generibus,
1947 2648 2250 2730 ferreum
2287 2666 2354 2713 et
2387 2669 2630 2714 ma

777 2767 856 2832 ad
874 2783 1202 2848 quaestum
1229 2814 1254 2847 ‚
1288 2784 1706 2848 agrorumque
1735 2781 1796 2829 et
1815 2765 2142 2830 domorum
2167 2767 2632 2847 possessiouem

778 2883 1093 2960 ferentur,
1132 2903 1397 2948 aureum
1436 2901 1584 2948 vero
1625 2900 1688 2948 et
1717 2896 2119 2967 argenteum,
2157 2883 2403 2968 quippe
2427 2891 2640 2951 natura

776 2999 863 3063 nil
913 3017 1125 3062 eorum
1163 2998 1568 3080 appetentia,
1613 2999 1691 3064 ad
1732 2998 2021 3065 virtutem
2081 3015 2448 3084 rectamque
2495 3021 2638 3068 cou-

776 3116 1075 3181 ditionem
1117 3115 1393 3182 oendent.
1459 3115 1626 3182 Orto
1669 3114 1862 3199 igitur
1900 3119 2172 3182 tumultu
2191 3138 2268 3183 ac
2293 3121 2636 3202 seditione,

778 3235 843 3296 in
880 3231 1149 3296 medium
1185 3233 1611 3313 convenient,
1665 3249 1734 3298 ut
1773 3252 1963 3316 agros
2010 3251 2201 3315 atque
2243 3236 2478 3303 domm
2519 3237 2641 3323 pri·

778 3349 1405 3431 vatimpossideant3
1450 3349 1573 3415 iliis
1613 3368 1808 3429 veto,
1851 3352 1964 3433 qui
1998 3367 2178 3418 antea
2218 3353 2296 3418 ab
2339 3354 2422 3420 iis
2445 3355 2639 3440 priva·

786 3471 1011 3532 bantur
1080 3483 1387 3548 tamquam
1471 3468 1698 3549 liberi,
1758 3471 1940 3534 amici
2001 3486 2064 3535 et
2125 3472 2526 3554 nutritores,
2579 3476 2636 3540 in

784 3587 1144 3653 servitutem
1211 3586 1471 3653 redactis
1522 3601 1587 3651 et
1635 3586 1780 3652 loco
1827 3590 2181 3654 accolarum
2223 3605 2290 3656 et
2331 3592 2642 3659 ministro·

782 3724 919 3770 rum
970 3705 1243 3786 habitis,
1286 3704 1413 3787 ipsi
1451 3703 1596 3769 belli
1634 3721 1824 3786 atque
1865 3706 2188 3772 custodiae
2237 3707 2494 3775 illorum
2529 3728 2637 3775 cu-

784 3843 908 3888 ram
956 3838 1197 3905 gerant.
1298 3822 1463 3888 Hinc
1501 3822 1747 3889 videtur
1787 3823 2052 3890 mutatio
2090 3823 2239 3888 oriri
2282 3842 2346 3890 et
2384 3827 2508 3892 erit
2539 3826 2634 3891 hic

780 3939 1156 4021 reipublicae
1207 3953 1410 4006 status
1461 3940 1621 4004 inter
1662 3940 2098 4006 aristocratiam
2142 3958 2205 4007 et
2245 3942 2633 4026 oligarchiam

787 4055 1023 4120 medius
1069 4055 1321 4136 aliquis,
1415 4056 1833 4141 Quamobrem
1882 4057 2222 4126 imitabitur
2261 4059 2487 4143 partim
2519 4063 2639 4144 pri·

2478 4197 2633 4244 orem
