2792 5167
1002 454 1390 532 „167-

716 661 913 726 Vna
974 665 1152 728 viri
1209 665 1680 748 tyrannici.

350 826 453 895 Fit
505 828 733 913 igitur,
783 830 909 909 ait,
962 831 1129 897 hune
1169 832 1233 896 in
1283 833 1533 897 modum
1582 831 1718 894 talis
1775 832 1889 896 vir.
1978 830 2109 916 Qui

240 960 465 1013 autem
543 965 618 1012 eo
686 964 1146 1030 pervenerunt,
1209 944 1437 1030 festis,
1491 946 2055 1013 comessationibus
2082 994 2106 1029 ‚

240 1062 754 1146 congressibus,
805 1064 1033 1133 scortis
1081 1065 1462 1148 caeterisque
1503 1062 1861 1146 hujusmodi
1904 1064 2111 1129 omni-

245 1177 384 1244 bus
439 1162 757 1263 indulgent
776 1224 804 1260 ,
862 1181 941 1251 ὧν
1004 1182 1084 1250 ἂν
1144 1184 1332 1265 Ἔρως
1402 1184 1673 1265 τύραννος
1730 1183 1883 1251 ἔνδον
1941 1185 2106 1250 οἰκῶν

245 1298 651 1381 διακυβερνῶῃ
706 1299 790 1367 τὰ
840 1305 949 1374 τῆς
1003 1304 1212 1383 ψυχῆς
1252 1294 1531 1368 ἅπαντα*
1577 1315 1839 1383 quorum
1884 1309 2106 1380 tyram

241 1431 373 1479 nus
427 1410 667 1492 Amor,
720 1414 891 1477 intus
950 1414 1148 1476 animi
1196 1410 1463 1477 incolens
1497 1410 1853 1497 pcnetralt'a
1872 1457 1898 1490 ‚
1941 1414 2107 1495 regit

234 1528 482 1593 omnia.
570 1525 788 1610 Itaque
847 1527 1076 1593 multae
1129 1527 1260 1593 dies
1314 1543 1656 1608 noctesque
1711 1527 2105 1592 vehementes

235 1640 673 1724 cupiditates,
748 1644 1082 1708 multorum
1150 1643 1440 1726 indigae,
1510 1641 1846 1728 pullulant.
1951 1643 2103 1711 Cito

239 1755 489 1840 igitur,
531 1757 585 1821 si
631 1755 745 1840 qui
784 1772 1131 1840 proventus
1173 1758 1568 1841 exstiterint,
1620 1775 2101 1826 consumuntur.

238 1873 403 1939 Post
452 1873 601 1938 haec
645 1874 862 1954 utique
908 1874 1162 1942 foenora
1217 1890 1279 1941 et
1333 1873 1689 1956 patrimonii
1748 1875 2101 1957 dissipatio,

242 1988 384 2056 Ubi
425 2008 571 2053 vero
632 1990 927 2057 deficiunt
977 1991 1233 2072 omnia,
1290 1992 1541 2057 necesse
1593 2007 1689 2057 est
1731 1989 2102 2074 cupiditates

238 2102 572 2171 vociferari
606 2120 791 2189 atque
824 2107 1123 2189 conqueri
1146 2152 1171 2188 ,
1229 2125 1388 2190 quae
1444 2107 1691 2189 quidem
1739 2103 2097 2188 frequentes

237 2221 652 2305 ardentesque
687 2222 751 2287 in
783 2221 988 2287 animo
1027 2204 1446 2305 delitescunt}
1485 2228 1699 2298 αὐτοὺς
1722 2198 1803 2294 (1)
1848 2210 2098 2308 &fieren

241 2340 361 2408 ὑπὸ
414 2340 659 2422 κέντρων
714 2337 1130 2422 ἐλαυνομένους
1155 2384 1178 2419 ‚
1222 2348 1337 2410 τῶν
1375 2366 1446 2409 τε
1488 2341 1693 2409 ἄλλων
1734 2343 2046 2421 ἐπιθυμιῶν
2063 2378 2090 2419 2,

237 2454 344 2522 xa>
386 2456 770 2537 διαφερόντως
822 2457 922 2524 ὑπ’
962 2460 1146 2524 αὑτοῦ
1198 2461 1303 2524 τοῦ
1336 2457 1595 2538 Ἔρωτος
1612 2499 1639 2535 ,
1679 2456 1907 2529 πάσαις
1946 2465 2084 2530 ταῖς

234 2568 464 2644 ἄλλαις
492 2611 517 2647 ,
571 2569 757 2653 ὥςπερ
817 2573 1137 2654 δορυφόροις
1160 2617 1184 2652 ,
1241 2572 1566 2652 ἡγουμένου
1589 2615 1613 2649 ,
1669 2574 1891 2654 cis-piu·
1932 2572 2120 2658 ipsos·

234 2699 445 2750 autem
467 2729 492 2762 ‚
558 2685 757 2751 veluti
815 2687 1083 2753 stimulis
1156 2683 1522 2773 quibusdam
1583 2668 1857 2770 agitatos
1872 2732 1896 2767 ,
1953 2704 2096 2752 cum

237 2807 501 2866 caeteris
557 2798 914 2867 libidinibus
932 2844 959 2881 ,
1014 2816 1149 2868 tum
1209 2804 1337 2888 ipso
1391 2804 1767 2888 praesertim
1819 2799 2052 2867 Amore
2069 2847 2093 2882 ,

237 2904 348 3001 ᾗυὶ
386 2915 648 3001 reliquis
702 2915 973 2982 omnibus
994 2958 1019 2997 ‚
1079 2932 1384 3002 tanquam
1444 2914 1579 2983 dux
1601 2963 1625 2997 ,
1681 2930 1932 3003 praeest
1951 2962 1975 2997 ,
2021 2919 2092 2981 in

222 3031 514 3116 furorem
554 3030 775 3116 adigi,
819 3028 1148 3113 efferrique
1194 3032 1270 3097 ad
1313 3031 1804 3113 explorandum,
1854 3032 1907 3097 si
1948 3031 2092 3113 quis

244 3145 575 3227 quidquam
598 3145 914 3229 possideat
939 3193 963 3227 ,
1002 3147 1172 3231 quod
1216 3149 1315 3213 vel
1355 3148 1575 3214 fraude
1617 3147 1845 3231 surripi
1888 3150 1986 3214 vel
2028 3148 2093 3215 vi

244 3261 393 3345 eripi
434 3264 665 3345 possit.
756 3262 920 3328 Hinc
972 3262 1179 3343 furta,
1239 3263 1380 3328 hinc
1437 3262 1732 3345 rapinae,
1788 3262 1932 3328 hinc
1972 3262 2094 3327 cri-

244 3377 399 3442 mina
459 3393 522 3444 et
576 3378 844 3462 flagitia,
902 3395 970 3445 ut
1025 3379 1232 3445 ausint
1289 3379 1440 3443 adeo
1488 3392 1550 3442 et
1591 3376 1768 3443 domi·
1807 3392 2092 3460 parentes

242 3492 597 3559 verberibus
638 3496 888 3561 caedere
920 3509 984 3560 et
1010 3492 1166 3560 foris
1200 3493 1594 3576 magistratus
1628 3491 1908 3573 laedere,
1948 3492 2085 3575 ipsa

242 3612 387 3678 adeo
422 3608 695 3677 Deorum
740 3611 968 3693 templa
1008 3629 1077 3675 ac
1122 3629 1291 3675 sacra
1336 3608 1604 3673 violare.·
1633 3604 1717 3676 (2)

318 3724 491 3809 Quae
524 3745 675 3790 vero
710 3724 963 3791 nomine
998 3724 1250 3790 dicenda
1286 3723 1349 3787 in
1389 3720 1639 3788 civitate
1673 3722 1925 3789 libertas
1962 3721 2086 3801 sit,

2056 3853 2090 3896 e

300 3953 378 4030 (ι)
416 3950 512 4008 Sic
555 3951 834 4023 legendum
882 3968 984 4023 pro
1031 3955 1169 4019 τοῦς
1214 3950 1448 4008 videtur.
1554 3950 1636 4021 (a)
1675 3952 1761 4003 De
1791 3952 1932 4019 Rep.
1970 3945 2078 4001 tx·

129 4116 137 4125 .
239 4038 348 4109 575.
382 4041 449 4096 C·
484 4067 550 4085 ⁸—
581 4039 708 4111 5⁴76·⁴
740 4041 800 4093 Β.
