2792 5167
1423 437 1773 520 -64—

664 618 763 690 bis
803 621 945 690 licet
979 620 1235 688 ducere.
1342 618 1583 687 Verum
1637 622 1794 688 nihil
1825 622 1945 691 hoc
1988 625 2066 691 ad
2114 626 2519 715 philosophia

557 739 562 748 ‘
663 737 937 824 Platonis
1005 737 1207 803 initia.
1295 735 1751 820 persequamur
1809 758 1958 804 cum
2016 740 2279 809 Socrate
2321 759 2514 810 astro-

660 854 930 920 nomiam
953 898 979 933 ,
1026 869 1364 933 veramque
1394 852 1531 935 ejus
1572 852 1964 918 attendamus
2005 874 2145 920 cum
2192 853 2523 924 instituen-

657 970 772 1036 dae
834 984 971 1035 tum
1037 969 1383 1034 tractandae
1446 968 1792 1051 rationem,
1856 984 1926 1036 ut
1981 991 2142 1056 quae
2188 972 2256 1038 in
2319 989 2526 1041 mente

661 1090 884 1152 nostra
970 1085 1261 1172 deorsum
1346 1099 1634 1170 spectant
1673 1131 1698 1167 ,
1782 1105 2036 1156 sursum
2108 1092 2462 1158 attollamus
2491 1112 2549 1174 ε,

661 1204 838 1290 quod
893 1219 1227 1268 commune
1287 1217 1387 1268 est
1436 1205 1607 1286 apud
1664 1203 1983 1272 Platonem
2046 1208 2265 1275 harum
2326 1210 2512 1277 disci·

603 1369 612 1374 .
649 1320 964 1405 panarum
1016 1318 1446 1403 propositum.
1532 1319 1609 1386 Id
1651 1320 1774 1386 sibi
1830 1321 2075 1390 videtur
2119 1324 2367 1392 Glauco
2430 1327 2514 1394 de

653 1435 1037 1502 astronomia
1096 1435 1234 1519 ipse
1288 1436 1649 1523 perspicere
1703 1439 2025 1506 continuo·
2112 1440 2293 1508 Hanc
2371 1444 2516 1528 qui·

654 1556 795 1634 dem
816 1601 842 1638 ,
895 1554 1106 1639 inquit
1132 1601 1157 1635 ‚
1201 1569 1471 1621 mentem
1530 1573 1798 1640 cogere,
1859 1571 1932 1622 ut
1981 1547 2227 1625 sursum
2273 1574 2525 1642 spectet

652 1687 719 1754 et
780 1672 926 1740 hinc
987 1693 1117 1740 eam
1178 1674 1325 1739 illuc
1377 1687 1792 1755 convertere,
1836 1673 2133 1740 omnibus
2197 1693 2342 1743 esse
2392 1696 2525 1743 ma-

652 1787 954 1876 nifestum
1009 1789 1281 1855 videtur.
1371 1788 1502 1855 Cui
1572 1790 1905 1857 Socrates:
1969 1791 2265 1858 omnibus
2304 1791 2524 1876 forte,

649 1904 902 1988 inquit,
964 1919 1389 1988 praeterquam
1453 1903 1658 1970 mihi:
1736 1906 1890 1971 mihi
1942 1907 2106 1973 enim
2171 1926 2305 1974 non
2366 1908 2520 1977 item

645 2021 922 2090 videtur.
1016 2020 1111 2087 Ut
1161 2038 1330 2086 nunc
1393 2018 1645 2102 quidem
1695 2040 1826 2090 eam
1865 2037 2134 2089 tractant
2159 2070 2184 2106 ,
2231 2025 2342 2108 qui
2374 2027 2522 2110 phi·

649 2138 982 2223 losophiae
1044 2137 1251 2222 ipsum
1299 2138 1573 2222 jungunt
1592 2183 1617 2219 ,
1660 2153 1735 2204 ut
1777 2139 2071 2207 deorsum
2121 2160 2302 2208 mens
2338 2163 2525 2228 spec·

651 2274 745 2328 tet
785 2256 1028 2324 efficere
1065 2254 1380 2322 videntur.
1450 2254 1558 2323 Tu
1617 2256 1871 2350 quidem
1910 2259 2176 2325 solerter
2213 2257 2525 2329 informas

649 2393 800 2446 sane
855 2371 1243 2456 disciplinam
1299 2390 1520 2439 eornm
1595 2391 1760 2456 quae
1814 2374 2106 2441 sublimia
2162 2392 2351 2444 sunt:
2417 2380 2520 2445 vi-

649 2492 816 2564 deris
893 2489 1109 2569 enim,
1196 2488 1253 2555 si
1317 2467 1464 2572 quis
1527 2490 1841 2572 laquearia
1931 2490 2122 2558 variis
2180 2492 2512 2561 coloribus

646 2610 816 2697 picta
879 2606 1230 2694 suspiciens
1256 2653 1280 2687 ,
1321 2606 1674 2690 perceperit
1732 2609 2074 2692 quidquam
2095 2656 2120 2692 ,
2162 2610 2523 2681 existimare

650 2747 798 2797 eum
853 2740 1105 2807 mente,
1169 2742 1302 2790 non
1355 2723 1565 2792 oculis
1604 2738 1927 2808 spectare:
1992 2746 2060 2792 ac
2121 2725 2288 2794 forte
2338 2746 2514 2795 recte

648 2845 966 2916 existimas
987 2891 1013 2925 ‚
1055 2859 1176 2928 ego
1222 2858 1377 2907 vero
1430 2839 1681 2926 inepte:
1727 2860 1848 2928 ego
1918 2859 2123 2912 autem
2170 2864 2302 2912 non
2360 2866 2523 2931 pos·

649 2979 789 3032 sum
852 2958 1006 3023 mihi
1067 2958 1480 3039 persuadere,
1543 2959 1711 3024 aliud
1772 2974 2040 3026 mentem
2098 2982 2349 3029 sursum
2392 2967 2523 3031 to}-

646 3078 823 3159 lere‚
868 3074 991 3142 nisi
1041 3074 1205 3140 illam
1261 3074 1686 3158 disciplinam,
1732 3090 1898 3155 quae
1946 3073 2012 3138 id
2047 3076 2220 3156 quod
2254 3091 2510 3145 estnec

646 3192 884 3278 percipi
932 3191 1130 3258 oculis
1195 3205 1451 3276 potest5
1512 3203 1780 3273 spectat.
1879 3188 2128 3277 Quodsi
2168 3191 2312 3274 quis
2364 3193 2510 3262 sive

646 3326 900 3376 sursum
943 3306 1187 3374 inhians
1213 3351 1237 3386 ‚
1281 3306 1421 3373 sive
1459 3323 1806 3372 conversus
1843 3306 2184 3389 deorsum,
2229 3326 2447 3375 eorum
2474 3357 2502 3393 ‚

650 3444 812 3512 quae
875 3424 1168 3492 sensibus
1234 3438 1501 3509 patent,
1565 3421 1805 3508 aliquid
1860 3423 2182 3509 percipere
2238 3427 2451 3494 studet
2480 3475 2510 3510 ‚

643 3564 762 3630 nec
814 3546 1052 3612 discere
1102 3559 1246 3609 eum
1303 3541 1485 3607 dico:
1533 3540 1858 3607 scientiam
1910 3541 2077 3609 enim
2139 3562 2361 3610 eorum
2410 3525 2517 3634 es-

647 3681 722 3744 se
771 3665 1039 3730 nullam:
1101 3678 1215 3727 nec
1270 3677 1521 3725 sursum
1589 3660 1729 3744 ejus
1782 3673 2098 3743 mentem,
2161 3662 2273 3728 sed
2327 3662 2511 3729 deor·
2580 3667 2593 3680 “

643 3795 784 3844 sum
846 3794 1173 3858 spectare,
1259 3774 1497 3844 etiamsi
1548 3776 1887 3860 resupinus
1941 3778 2005 3843 in
2063 3793 2263 3845 terrae
2325 3781 2535 3858 litore,

639 3894 742 3988 γει
786 3890 968 3956 maris
1044 3909 1320 3971 aequore
1376 3892 1590 3976 jacens
1613 3937 1640 3971 ‚
1721 3889 2066 3973 quidquam
2131 3895 2507 3979 perceperit.

642 4008 891 4099 Quibus
926 4004 1204 4073 monitus
1243 4026 1310 4075 ac
1353 4008 1768 4093 reprehensus
1816 4005 2065 4076 Glauco
2088 4055 2114 4094 ‚
2137 4015 2302 4094 δίκην
2331 4014 2505 4097 ἔχω,

2358 4146 2507 4217 pec-
