2792 5167
262 717 393 784 vla
429 715 569 802 Ipsa
590 726 711 800 per
752 730 815 777 se
852 711 923 775 {n
969 713 1174 777 animo
1227 723 1435 779 nostro
1484 712 1707 780 habeat
1730 760 1757 799 ,
1804 715 2115 799 inquirere

256 830 475 900 velim.
538 827 959 915 Quamobrem
981 872 1007 907 ‚
1047 827 1219 911 quod
1256 828 1361 895 ille
1391 829 1706 913 neglexit,
1737 849 1851 917 ego
1867 831 2108 900 faciam.

255 945 611 1015 Renovabo
643 942 927 1027 equidem
963 942 1416 1028 Thrasymachi
1454 947 1790 1013 orationem
1813 994 1838 1028 ‚
1884 963 1949 1014 et
1985 949 2113 1032 pri-

255 1080 431 1129 mum
487 1061 678 1129 dicam
704 1108 730 1144 ,
793 1062 1037 1142 qualem
1100 1079 1238 1127 esse
1286 1060 1596 1146 justitiam
1656 1062 1859 1128 dicant
1917 1078 2111 1147 atque

254 1179 426 1249 unde
462 1192 780 1247 exortam:
815 1177 1077 1257 deinde,
1117 1194 1335 1249 omnes
1354 1222 1379 1257 ‚
1408 1175 1775 1261 ⁸quicunque
1803 1178 2106 1264 justitiam

251 1274 517 1378 colunt,
559 1295 794 1362 invitos
833 1293 1291 1376 quodammodo
1329 1311 1459 1359 eam
1515 1293 1743 1377 sequi,
1795 1310 2104 1380 tamquam

249 1415 384 1500 *n
411 1411 811 1483 necessariam
834 1458 858 1493 ‚
901 1428 1034 1478 non
1074 1429 1225 1477 vero
1275 1410 1541 1480 bonam:
1587 1410 1815 1490 tertio,
1883 1411 2105 1477 merito

249 1549 363 1601 eoo
403 1530 496 1598 aie
532 1547 755 1614 ageret
841 1529 1041 1594 multo
1082 1526 1246 1595 enim
1290 1526 1607 1593 meliorem
1648 1527 1866 1612 injusti
1914 1529 2101 1594 vitam

246 1647 413 1731 ease,
448 1664 630 1731 quam
661 1643 861 1731 inisti,
898 1658 970 1710 ut
1004 1644 1276 1711 tradunt.
1368 1642 1540 1709 Haec
1563 1642 1843 1710 Glauco:
1887 1664 2106 1728 quam·

248 1782 436 1850 quam
491 1778 622 1829 non
680 1761 820 1827 sine
892 1758 1265 1829 verecundia
1333 1773 1397 1824 et
1463 1761 1703 1843 pudore
1761 1779 2100 1845 generosus

245 1883 607 1950 adolescens
644 1896 722 1951 eo
760 1876 1018 1949 accedit.
1150 1875 1319 1945 Mihi
1363 1877 1657 1959 quidem,
1700 1896 1741 1943 o
1776 1877 2100 1959 Socrates,

244 1998 373 2080 ait,
425 2013 557 2063 non
595 1996 682 2063 ita
727 1993 1013 2076 videtur;
1073 2006 1473 2060 veruntamen
1519 1993 1743 2061 dubito
1784 1994 2051 2062 subinde
2073 2043 2097 2075 ‚

245 2112 483 2196 quippe
554 2110 870 2177 obtundor
954 2109 1235 2192 quotidie
1286 2109 1584 2194 auribus,
1643 2110 2094 2195 Thrasymaehi

243 2226 634 2308 aliorumque
673 2241 988 2293 sermones
1037 2224 1336 2308 audiens;
1390 2227 1732 2291 orationem
1786 2246 1935 2293 vero
1979 2247 2096 2311 pro

247 2343 390 2428 ipsa
418 2340 703 2428 justitia,
736 2341 1047 2429 meliorem
1082 2360 1251 2422 eam,
1298 2360 1484 2424 quam
1516 2340 1879 2427 injustitiam
1914 2363 2091 2424 esse,

241 2480 323 2529 ex
363 2459 539 2525 nullo
581 2456 783 2524 adhuc
824 2458 1077 2540 audivi,
1132 2474 1204 2524 ut
1245 2476 1581 2543 cuperem;
1635 2476 1928 2542 cuperem
1983 2479 2095 2526 au·
2176 2456 2181 2465 ’

239 2593 365 2645 tem
411 2576 606 2660 ipsam
648 2591 762 2658 per
795 2592 865 2639 se
911 2574 1108 2658 ipsam
1167 2576 1467 2641 laudatam
1516 2574 1727 2645 audire
1751 2594 1773 2638 ε
1826 2574 2087 2641 maxime

236 2710 390 2760 vero
421 2709 499 2758 ex
542 2706 606 2759 te
643 2690 764 2756 hoc
803 2708 902 2755 me
941 2688 1208 2757 arbitror
1245 2691 1627 2759 auditurum.
1690 2689 2092 2776 Quapropter

233 2808 434 2876 dicam
481 2805 664 2877 latius
687 2853 711 2886 ‚
762 2805 1050 2891 injustam
1108 2807 1293 2873 vitam
1344 2808 1644 2875 laudans:
1701 2807 2089 2891 dicendoque

239 2924 556 2993 ostendam
601 2920 763 3004 tibi,
804 2939 1074 3003 quonam
1115 2923 1375 2991 maxime
1411 2923 1598 2990 modo
1641 2924 1850 2993 audire
1882 2940 1946 2992 te
1984 2944 2090 2991 ve·

235 3043 390 3123 lim,
427 3040 879 3133 vituperantem
911 3037 1272 3120 iniustitiam
1297 3083 1321 3120 ,
1361 3040 1664 3124 justitiam
1699 3043 2079 3110 laudantem:

235 3159 348 3225 aed
380 3156 567 3237 vide,
613 3173 764 3221 num
805 3154 927 3221 hoe
968 3154 1084 3225 tibi
1118 3157 1377 3238 placeat.
1415 3156 1500 3231 (¹)
1630 3159 1734 3225 Ad
1779 3160 1926 3226 haec
1964 3160 2084 3227 So·

237 3289 474 3354 crates,
555 3271 818 3343 maxime
845 3317 871 3350 ‚
932 3271 1212 3353 inquit,·
1267 3273 1592 3341 omnium:
1699 3294 1820 3356 qua
1877 3276 1954 3340 de
2017 3294 2083 3338 re

238 3389 407 3456 enim
465 3387 608 3471 quis
657 3387 905 3469 sapiens
953 3387 1200 3470 saepius
1248 3406 1390 3456 cum
1444 3390 1650 3457 dicere
1701 3402 1832 3455 tum
1874 3390 2085 3455 audire

237 3504 445 3573 velit?
569 3503 739 3571 Tum
779 3501 1071 3583 Glauco,
1140 3506 1487 3587 praeclare,
1551 3504 1794 3586 inquit,
1865 3506 2086 3584 loque.

237 3623 367 3690 ria:
424 3619 598 3703 quod
647 3635 849 3685 autem
911 3621 1177 3703 primum
1230 3620 1307 3686 de
1358 3621 1482 3686 hoc
1531 3620 1734 3686 dicere
1763 3618 2082 3702 pollicitus

235 3757 424 3819 sum,
457 3736 582 3820 jam
618 3735 764 3802 audi
797 3738 979 3818 quale
1011 3735 1076 3801 id
1111 3735 1241 3815 sit,
1293 3750 1357 3801 et
1398 3736 1566 3800 unde
1603 3735 1686 3800 sit
1730 3748 1865 3801 orta
1899 3736 2084 3821 justi-

227 3854 343 3924 tia.
399 3853 648 3925 Natura
685 3850 900 3919 dicunt
940 3851 1221 3935 injuriam
1258 3849 1460 3927 farere
1490 3849 1725 3918 bonum
1762 3871 1944 3935 esse,
1985 3852 2085 3919 in·

1984 3969 2084 4052 ju-

306 4119 390 4193 (ι)
425 4120 516 4174 ι).
544 4119 689 4188 nep.
726 4114 807 4171 11.
839 4114 959 4171 ssa.
994 4115 1058 4170 Β.
1095 4113 1161 4171 c·
1194 4115 1272 4171 n.
