2792 5167
972 429 1355 495 ..141-

234 597 446 652 autem
486 586 746 657 formam
798 589 1027 658 attinet
1056 590 1343 662 dratmtis
1372 640 1398 676 ‚
1434 589 1629 674 magis
1669 591 1772 658 ille
1791 587 2081 677 Sophro-

242 711 389 768 nem
409 750 435 785 ,
478 725 663 789 quam
681 708 952 775 comicos
997 707 1274 776 imitatus
1313 709 1586 777 videtur.
1627 706 1813 774 Hunc
1843 699 2076 791 quanto

244 819 395 885 ioco
422 821 738 906 habuerit,
756 839 1062 893 testantur
1088 843 1355 895 veteres.
1399 827 1461 893 E
1495 825 1702 898 Sicilia
1717 824 1852 908 eJ'us
1866 824 2083 890 mino!

243 936 531 1005 Athenas
548 941 1087 1011 detulissedicitur
1112 963 1350 1028 eosque
1386 944 1478 1011 sic
1500 941 1849 1028 probasse,
1889 955 1965 1006 ut
1984 958 2092 1006 oc-

241 1056 569 1140 togenario
648 1060 839 1144 major
921 1062 1294 1146 suppositos
1364 1056 1680 1145 pulvinari
1752 1055 2093 1138 habuerit,

238 1173 311 1235 r'n
342 1196 461 1259 quo
498 1174 936 1243 obdormientis
971 1198 1032 1244 os
1075 1175 1247 1243 illud
1294 1175 1574 1245 divinum
1599 1222 1625 1256 ‚
1671 1187 1742 1239 ut
1781 1173 1867 1238 ait
1909 1172 2099 1239 Valo-

235 1287 568 1357 kenaerius
595 1339 621 1372 ‚
710 1292 1085 1361 reclinabat.
1152 1292 1219 1338 ‘⁸³
1314 1292 1404 1358 Et
1486 1309 1639 1358 sane
1695 1289 1934 1372 placida
1985 1289 2108 1354 bo-

237 1425 383 1472 rum
446 1408 789 1474 mimorum
824 1408 1257 1492 inprimisque
1320 1406 1581 1491 dialogis
1621 1421 1765 1489 apta
1812 1406 1978 1474 ratio·
2022 1423 2106 1473 ex

246 1521 593 1588 Theocriti
678 1523 1046 1610 intelligitur
1114 1523 1608 1592 Pharmaceutria
1671 1538 1737 1591 et
1826 1524 2107 1590 Adonin·

246 1638 478 1720 zusis,
522 1658 683 1722 quae
731 1640 876 1708 inde
915 1640 1240 1707 informata
1276 1655 1450 1708 sunt.
1537 1640 1701 1722 Sed,
1745 1640 2109 1724 qualiscun-

244 1771 383 1835 que
430 1756 675 1821 tandem
718 1756 948 1844 dialogi
1001 1757 1301 1825 Platonici
1348 1776 1385 1823 a
1421 1757 1827 1825 comicorum
1865 1773 1942 1826 et=
1962 1757 2103 1825 Lu-

244 1869 413 1936 ciani
454 1871 837 1940 dramatibus
890 1873 1217 1942 diversitas
1264 1874 1391 1955 sit,
1438 1872 1594 1940 illud
1641 1874 1725 1941 de
1760 1873 2108 1948 Aristotele

234 1986 790 2055 animadvertamus
832 1990 1099 2057 maxime
1119 2037 1144 2072 ,
1203 1988 1478 2078 dialogos
1522 2009 1663 2057 eum
1728 1989 2103 2058 destinavis-

241 2121 317 2170 se
365 2106 737 2190 argumentis
802 2108 1213 2191 popularibus
1235 2154 1259 2189 ‚
1318 2107 1598 2175 interiori
1662 2126 1816 2175 vero
1861 2107 2099 2178 doctri-

244 2235 366 2286 nae
415 2227 941 2289 commentationes
964 2269 990 2302 ‚
1031 2243 1233 2305 quum
1285 2226 1466 2290 Plato
1516 2225 1780 2307 dialogis
1821 2228 2105 2308 comple-
2223 2313 2228 2320 .

242 2355 371 2403 xus
423 2338 631 2403 omnia
682 2336 934 2405 fuisset.
1019 2338 1210 2404 Unde
1259 2338 1322 2402 in
1363 2337 1584 2421 primis
1638 2337 2106 2404 Platonicorum

242 2452 628 2534 scriptorum
672 2471 804 2518 non
858 2453 979 2518 dos
1034 2466 1099 2519 et
1155 2451 1614 2518 commendatio
1632 2499 1658 2532 ‚
1701 2452 1815 2518 sed
1863 2469 2109 2520 natura

260 2569 557 2636 efficitur.
646 2569 826 2656 Quae
887 2567 1052 2635 enim
1127 2568 1419 2633 dramatis
1473 2567 1679 2634 forma
1734 2570 1904 2652 apud
1962 2587 2142 2649 eum„

255 2671 471 2752 mestit
542 2685 619 2751 ad
691 2685 1020 2769 legendum
1097 2683 1802 2768 philosophandumque
1850 2685 2115 2770 5elegan·

257 2801 443 2870 tioris
504 2801 735 2886 ingenii
806 2801 1137 2882 homines,
1223 2801 1361 2866 talis
1433 2800 1587 2868 haec
1641 2800 1875 2868 scilicet
1933 2817 2108 2884 erat,

260 2927 335 2986 u't
375 2936 475 2986 res
533 2919 681 2985 item
721 2933 974 3003 caperet
996 2916 1509 2986 abstrusissimas.
1580 2918 1977 3004 Respondet
2009 2919 2114 2988 illa

260 3039 442 3121 plane
491 3035 617 3119 ipsi
676 3034 955 3103 Socratis
998 3034 1439 3120 philosophiae
1463 3083 1487 3118 ‚
1532 3056 1692 3120 quae
1733 3037 2112 3110 doctisnon

255 3154 371 3221 alia
394 3201 418 3236 ‚
475 3153 595 3221 alia
635 3151 905 3219 indoctis
950 3150 1113 3233 fuit,
1168 3155 1285 3220 sed
1346 3154 1578 3238 pariter
1630 3153 1918 3235 utrisque
1959 3174 2115 3222 con·

258 3270 566 3337 veniebat.
653 3270 875 3337 Sermo
915 3269 1026 3336 vix
1065 3269 1324 3355 cogitari
1366 3269 1713 3354 simplicior
1754 3284 1819 3335 et
1854 3268 2117 3370 familia·

266 3385 321 3450 ri
354 3385 523 3450 vitae
574 3387 1013 3453 consuetudini
1071 3386 1554 3453 convenientior
1607 3397 1824 3470 potest
1845 3430 1869 3465 ‚
1933 3402 2120 3465 quam

270 3517 408 3581 quo
468 3498 532 3565 in
578 3500 852 3568 Phaedro
896 3502 974 3568 de
1030 3503 1271 3570 dicendi
1330 3501 1773 3585 scribendique
1820 3514 1953 3566 arte
1997 3499 2130 3586 agi-

274 3627 427 3681 tur:
469 3616 854 3699 amplectitur
890 3634 1097 3685 autem
1136 3618 1299 3685 idem
1337 3637 1548 3685 sermo
1591 3617 1922 3685 sublimem
1954 3617 2117 3688 mam

273 3732 359 3799 dc
395 3731 618 3816 pulcro
656 3747 719 3800 et
756 3753 970 3802 amore
1007 3734 1353 3802 doctrinam
1379 3779 1405 3814 ‚
1450 3751 1614 3816 quae
1673 3733 1809 3818 ipsa
1846 3735 2123 3806 continet

1985 3853 2127 3922 ‘uni⁴

349 3985 429 4069 ’(ι)
470 3991 669 4054 vach
704 3996 772 4049 -a
813 3996 1050 4051 'rh-002.
1090 3996 1355 4050 Ααοιιῑ...
1387 4014 1446 4065 ρ.
1481 3975 1594 4070 19⁴2
