2792 5167
1471 509 1817 557 1-20-2-

709 678 946 746 certimi
1009 674 1426 741 adolescentis
1480 689 1546 740 et
1621 691 1922 758 perquam
1990 672 2267 740 amabilis
2287 719 2312 753 ‚
2378 673 2563 757 cujus

709 801 852 861 cuni
896 793 1154 859 Socrate
1192 792 1272 857 de
1309 792 1535 873 pulcro
1577 806 1641 858 et
1690 809 1902 858 amore
1952 809 2273 858 sermones
2318 790 2383 856 id
2424 789 2575 856 effe·

710 918 974 988 cerunt,
1039 921 1112 972 ut
1181 923 1322 971 esse
1386 904 1725 990 fateremur
1781 923 2054 973 amorem
2118 925 2249 974 non
2311 908 2579 974 noxium

711 1022 1118 1105 mortalibus,
1181 1037 1253 1088 ut
1315 1022 1551 1105 Lysiae
1606 1021 1887 1104 placebat
1909 1068 1935 1103 ‚
2002 1024 2117 1090 sed
2158 1024 2580 1090 maximorum

669 1139 837 1212 'inis
899 1142 1209 1210 bonorum
1268 1152 1610 1206 auctorem.
1696 1139 1928 1206 Pariter
1979 1156 2148 1205 nunc
2186 1138 2375 1205 nobis
2423 1141 2587 1205 ado·

714 1265 1051 1330 lescentem
1089 1258 1391 1344 proponit
1433 1257 1645 1322 indole
1681 1254 1890 1322 divina
1915 1302 1939 1337 ‚
1982 1272 2115 1321 non
2163 1253 2523 1321 formosum
2546 1299 2577 1336 ,

714 1377 958 1445 Socrati
1030 1376 1185 1441 adeo
1271 1374 1650 1441 simillimum
1672 1421 1697 1456 ‚
1761 1374 1874 1455 qui
1933 1391 1968 1439 a
2024 1369 2227 1440 forma
2278 1372 2580 1457 profecto

712 1513 845 1562 non
886 1492 1430 1560 commendabatur
1487 1509 1903 1577 magnopere3
1968 1489 2081 1556 sed
2131 1492 2313 1556 talem
2339 1537 2365 1573 ‚
2430 1509 2607 1571 qua-⁷

713 1611 835 1679 lem
889 1612 1013 1676 hoe
1070 1609 1352 1694 postulat
1402 1623 1877 1692 argumentum,
1924 1603 2277 1688 flagrantem
2335 1607 2593 1690 sapien·

715 1726 842 1794 tiae
874 1743 1126 1806 amore,
1170 1727 1391 1790 natural
1432 1709 1887 1808 philosophum
1911 1769 1936 1804 ‚
1980 1723 2293 1808 cujusque
2346 1724 2417 1789 in
2454 1726 2595 1791 ani·

713 1863 823 1912 mo
884 1843 1173 1910 Socrates
1229 1843 1477 1908 insitam
1544 1841 1820 1907 discendi
1883 1840 2439 1925 cognoscendique
2493 1839 2592 1906 fa·

718 1964 1008 2030 cultatem
1056 1960 1149 2026 sic
1199 1960 1427 2026 excitat
1487 1958 1958 2024 sermocinando
1984 2004 2008 2038 ‚
2074 1971 2147 2023 ut
2172 2004 2197 2038 ‚
2260 1975 2427 2041 quae
2472 1957 2595 2022 ho·

659 2139 672 2152 ,
718 2077 903 2144 minis
945 2075 1030 2142 sit
1071 2075 1147 2141 ad
1186 2074 1511 2140 veritatem
1555 2073 1984 2139 inveniendam
2032 2072 2277 2138 indoles
2324 2074 2542 2141 nativa
2565 2121 2592 2156 ‚

718 2211 1005 2278 quaeque
1073 2190 1301 2258 indolis
1362 2190 1448 2255 sit
1511 2189 1698 2274 hujus
1758 2189 2222 2272 promovendae
2275 2191 2594 2256 corrobo-

639 2347 648 2352 ·
718 2310 1066 2393 randaeq‘ue
1124 2306 1281 2373 ratio
1344 2306 1626 2390 optima,
1672 2320 1902 2390 sponte
1962 2305 2160 2396 simus
2199 2307 2589 2373 assecuturi.

720 2427 887 2496 Nam
939 2428 1160 2508 Plato,
1206 2426 1381 2510 quod
1406 2453 1411 2460 ·
1438 2424 1750 2505 diximus,
1796 2441 1959 2508 quae
2011 2437 2219 2489 mente
2264 2423 2595 2509 excogita-

718 2557 940 2626 verat,
985 2543 1185 2609 oculis
1228 2542 1379 2608 haec
1445 2540 1578 2609 fere
1625 2517 1931 2607 lector-hm
1981 2540 2291 2626 subjicere
2321 2543 2587 2624 studet,

717 2661 925 2744 utque
978 2675 1116 2727 tum
1180 2658 1369 2726 nobis
1432 2658 1748 2725 Phaedrus
1795 2647 2084 2740 apparuit
2134 2664 2163 2728 ὅ
2202 2662 2542 2744 φιλόκαλος
2566 2708 2590 2740 ,

721 2784 751 2847 δ
792 2782 1158 2864 φιλόμουσος
1180 2827 1200 2854 ,
1245 2782 1274 2845 ὃ
1317 2779 1629 2860 &pror-1264:
1697 2773 1781 2840 ita
1817 2792 1983 2840 nunc
2025 2774 2445 2843 Theaetetum
2487 2798 2596 2845 ex·

720 2893 1155 2978 plorabimu8‚
1216 2896 1318 2960 τὸν
1373 2898 1603 2973 εὐμαθῆ
1624 2936 1648 2971 ,
1711 2895 1812 2961 τὸν
1851 2896 2200 2977 φιλομαθῆ,
2259 2899 2361 2963 τὸν
2401 2900 2593 2981 φύσει

715 3013 1088 3095 Φιλόσοφονς
1137 3005 1500 3088 pariterque
1542 3023 1709 3071 nunc
1743 3006 1929 3073 nobis
1976 3007 2354 3074 Theaetetus
2407 3011 2592 3075 hicce

716 3121 1185 3207 philosophiam
1238 3122 1374 3190 veri
1436 3122 1711 3189 recludet
1735 3171 1757 3204 ‚
1816 3138 1891 3189 ut
1952 3093 2088 3189 tum
2134 3143 2253 3190 nos
2294 3124 2476 3192 duxit
2518 3125 2586 3190 in

720 3240 925 3327 pulcri
966 3238 1429 3325 philosophiam
1472 3239 1814 3306 Phaedrus.

725 3389 740 3398 ·
800 3356 1108 3442 Dialogus
1135 3401 1160 3436 ‚
1204 3373 1394 3438 quem
1437 3354 1898 3440 significamus,
1945 3356 2269 3425 Theaeteti
2324 3358 2593 3427 nomine

721 3475 1068 3561 inscriptus
1093 3521 1120 3555 ‚
1178 3473 1487 3559 ejusmodi
1534 3467 1722 3538 habet
1786 3475 2151 3556 exordium,
2209 3490 2282 3541 ut
2309 3522 2333 3557 ,
2392 3497 2585 3561 quam

718 3595 1002 3664 eximiam
1063 3591 1449 3657 Theaetetus
1497 3607 1531 3654 a
1576 3591 1807 3656 teneris
1872 3591 2143 3660 indolem
2186 3593 2538 3675 prodiderit
2562 3639 2589 3675 ‚

718 3727 799 3776 ex
854 3705 1139 3775 Euclidis
1196 3723 1340 3772 cum
1391 3704 1752 3790 Terpsione
1805 3709 2207 3776 sermonibus
2280 3711 2590 3793 intelliga-

719 3839 861 3888 mus
927 3823 1268 3890 continuo.·
1350 3823 1519 3890 Nam
1576 3822 1851 3908 Megaris
1913 3824 2022 3894 ille
2087 3833 2152 3894 ln
2205 3829 2377 3896 hunc
2428 3824 2582 3892 inci-

715 3941 870 4007 dens
896 3984 920 4019 ,
961 3940 1028 4005 in
1068 3953 1263 4024 portu
1302 3958 1374 4006 se
1424 3954 1633 4006 narrat
1676 3939 2092 4010 Theaetetum
2129 3942 2360 4010 vidisse
2380 3988 2404 4022 ‚
2448 3958 2589 4005 mo·

718 4053 1054 4128 ribundum
1113 4053 1290 4137 fere,
1351 4074 1552 4138 quum
1630 4059 2035 4141 vulneribus,
2120 4077 2282 4140 quae
2326 4058 2392 4125 in
2444 4057 2581 4127 acie

2466 4193 2469 4198 .
2482 4192 2585 4242 ac·
