2792 5167
1010 466 1096 485 ....
1137 453 1214 516 29
1254 465 1348 486 ..-

763 708 990 797 Quid
1043 726 1150 780 est
1212 708 1612 777 discere?

347 977 791 1050 Proferendum
848 981 954 1049 hic
1019 981 1207 1047 nobis
1271 978 1577 1063 placitum
1635 976 1914 1043 Platonis
1936 1015 1947 1022 ,
1971 989 2069 1042 est
2087 1024 2113 1058 ‚

251 1097 436 1180 quod
491 1111 744 1166 nostrae
811 1118 964 1166 sane
1022 1096 1521 1182 philosophandi
1581 1090 1814 1158 rationi
1883 1091 2131 1156 minime

235 1215 609 1281 conveniat.
701 1218 974 1284 Discere
1011 1212 1232 1279 statuit
1271 1212 1378 1277 ille
1417 1212 1588 1276 nihil
1626 1203 1815 1274 aliud
1852 1226 1974 1274 esso
2016 1208 2137 1272 nisi

239 1331 603 1396 remtne'sce'.
692 1329 911 1411 Cuius
963 1326 1311 1391 sententiae
1343 1325 1448 1390 vis
1485 1343 1565 1390 ex
1605 1321 1897 1404 sublimi,
1942 1339 2132 1405 quem

241 1443 462 1509 modo
511 1439 1000 1507 memoravimus
1059 1439 1278 1507 iterum
1298 1489 1321 1523 ‚
1363 1441 1664 1508 amatorio
1714 1441 1950 1523 hymno
1988 1455 2133 1523 per-

246 1558 529 1643 cipitur.
619 1557 1142 1625 Reminiscentiae
1201 1559 1331 1625 illic
1391 1559 1624 1624 mentio
1684 1556 1914 1639 fiebat,
1977 1576 2137 1640 quae

237 1691 636 1764 superesse„
685 1674 962 1742 hominis
1041 1674 1244 1741 animo
1327 1675 1678 1742 etiamnunc
1759 1674 2128 1755 dicebatur,

154 1797 164 1812 '
241 1805 609 1877 postquam
664 1793 848 1858 coelo
907 1793 1119 1874 Iapsus
1181 1791 1249 1858 in
1309 1792 1472 1857 hanc
1535 1794 1855 1858 demersus
1906 1805 2132 1857 terram

242 1924 344 1976 est
366 1956 396 1991 ‚
450 1909 669 1976 locum
724 1906 1024 1976 scientiae
1077 1909 1163 1996 et?
1198 1909 1451 1978 veritati
1501 1909 1909 1978 contrarium.
1950 1908 2138 1974 ·Nec

241 2045 403 2094 vero
476 2027 597 2093 hoc
658 2040 894 2095 temere
949 2026 1033 2095 ita
1084 2027 1353 2112 posuit,
1428 2046 1562 2111 quo
1634 2026 1877 2095 scilicet
1953 2024 2136 2092 fiibu-

251 2146 376 2210 lam
466 2144 902 2212 suavissimam
981 2145 1439 2213 commendaret
1517 2146 1750 2231 magis:
1838 2145 2008 2212 serio
2063 2142 2134 2208 id

253 2261 418 2328 idem
481 2262 552 2327 in
605 2262 771 2328 haud
839 2281 968 2328 uno
1029 2282 1318 2330 sermone
1359 2282 1506 2328 cum
1544 2262 1953 2343 memoravit,
1994 2277 2133 2328 tum

250 2379 568 2464 pnzbavit
611 2380 816 2459 adeo;
878 2392 944 2444 et
997 2397 1150 2444 vero
1206 2378 1300 2444 sie
1367 2395 1505 2443 rem
1529 2391 1535 2396 “
1558 2389 1936 2461 persecutus
1994 2390 2138 2457 est,

253 2513 328 2562 ut
348 2544 374 2577 ‚
423 2496 486 2562 si
549 2495 758 2561 minus
813 2494 1181 2578 persuadeat
1230 2493 1424 2559 nobis
1448 2540 1472 2574 ‚
1528 2510 1600 2559 ea
1654 2507 1857 2559 tamen
1912 2493 2145 2560 dixisse

257 2614 567 2679 videatur
592 2658 616 2692 ‚
660 2629 827 2692 quae
863 2625 1009 2673 cum
1051 2609 1318 2673 veritate
1366 2611 1705 2691 conjuncta
1749 2625 2140 2673 censeantur.
2238 2625 2248 2637 ·

267 2723 612 2813 Quocirca
675 2739 1002 2789 sermones
1073 2721 1216 2786 iilos
1276 2719 1506 2787 Cicero
1573 2719 1861 2787 lubenter
1909 2720 2148 2789 citavit.

266 2845 345 2911 In
407 2844 531 2908 illo
578 2839 869 2908 Platonis
907 2836 1115 2921 libro,
1173 2838 1303 2920 ait,
1372 2838 1487 2922 qui
1571 2838 1937 2905 inscribitur
2009 2837 2154 2905 Me·

263 2980 395 3045 no,
441 2959 789 3045 pusionem
851 2956 1175 3039 quemdam
1236 2956 1524 3024 Socrates
1574 2957 1921 3044 interrogat
1960 2972 2151 3041 quae-

268 3081 412 3146 dam
456 3075 842 3165 geometrica
880 3076 960 3141 de
998 3073 1384 3152 dimensione
1424 3075 1751 3159 quadrati:
1796 3076 1876 3142 ad
1926 3094 1999 3143 ω
2049 3076 2145 3142 sic

274 3196 380 3264 ille
423 3195 774 3281 respondet
795 3241 821 3275 ‚
893 3205 966 3257 ut
1003 3210 1203 3276 puer3
1251 3207 1316 3260 et
1381 3207 1588 3260 tamen
1641 3194 1728 3259 ita
1782 3192 1997 3260 faciles
2050 3194 2150 3259 in-

274 3312 728 3399 tenogationes
790 3323 990 3391 sunt,
1034 3325 1107 3376 ut
1166 3309 1465 3395 gradatim
1502 3310 1893 3394 respondens
1932 3299 2156 3374 eodem

289 3427 608 3509 perveniat
626 3475 652 3509 ‚
694 3446 826 3510 quo
874 3427 931 3493 si
991 3426 1362 3512 geometrica
1418 3425 1765 3491 didicisset.
1867 3424 1975 3489 Ex
2029 3440 2159 3502 quo

302 3541 460 3606 effici
487 3546 625 3608 vuit
665 3545 997 3625 Socrates,
1041 3558 1116 3610 ut
1172 3544 1418 3610 discere
1473 3541 1632 3607 nihil
1682 3539 1853 3605 aliud
1895 3538 1983 3604 sit
2034 3537 2160 3606 nisi

308 3656 643 3723 recordari.
686 3665 754 3710 Φ)
793 3660 1044 3745 Dialogi
1083 3660 1255 3727 illius
1287 3677 1460 3742 quae
1485 3658 1570 3725 sit
1612 3657 1812 3724 forma
1850 3671 1915 3724 et
1962 3655 2158 3740 ratio,

219 3767 232 3780 “
293 3772 602 3857 deinceps
647 3772 980 3843 identidem
1043 3775 1556 3864 explorabimusz
1624 3775 1727 3843 hic
1784 3774 2159 3845 animadver-

2043 3892 2158 3960 tis·

369 4001 452 4075 (ι)
494 3999 618 4058 cie.
660 4000 824 4059 :rm
862 4002 909 4058 1.
940 4004 1022 4061 24.
