2792 5167
1504 517 1893 581 ...124-

770 679 978 746 tinam
1018 677 1253 760 optima
1300 675 1665 744 informetur
1709 677 1961 746 civitas.
2063 678 2516 747 Veruntamen
2553 682 2638 748 Β

764 813 889 880 ego
930 793 1161 860 finibus
1210 812 1342 860 non
1376 793 1656 861 cohiberi
1703 793 2072 879 philosophi
2113 795 2475 862 consilinm
2521 816 2644 862 cres
2733 785 2734 796 ¹

764 915 930 978 dam.
1064 911 1152 978 Ut
1218 910 1429 994 paucis
1481 913 1896 994 complectar,
1979 931 2098 978 nec
2154 914 2492 998 poaticu-
2547 929 2640 980 est

766 1028 1090 1094 dicendum
1113 1075 1137 1108 ‚
1189 1045 1301 1096 nec
1349 1027 1828 1114 paedagoga-um
1885 1025 2262 1109 palmarium
2339 1030 2464 1094 hoc
2515 1029 2644 1096 Pla·

770 1144 945 1210 tonis
984 1163 1187 1228 opus,
1254 1145 1363 1211 sed
1417 1145 1770 1210 ethicam
1827 1143 2292 1227 complectitur
2355 1145 2632 1229 proprie,

770 1263 949 1325 talem
1010 1277 1208 1326 autem
1276 1261 1480 1338 illam,
1567 1264 1806 1342 qualem
1869 1278 2013 1327 ante
2057 1262 2449 1342 Platonem,
2529 1263 2634 1328 im

767 1397 916 1443 vero
976 1395 1055 1444 ue
1122 1392 1273 1461 post
1332 1397 1472 1442 eum
1535 1381 1684 1444 adeo
1750 1381 1825 1445 ad
1891 1379 2051 1444 hanc
2111 1397 2336 1461 usque
2395 1397 2636 1446 aetam

766 1512 1039 1560 nostram
1085 1497 1294 1562 nullus
1343 1513 1615 1576 unquam
1674 1494 1879 1562 animo
1937 1496 2316 1581 conceperit
2365 1497 2638 1580 philoan-

774 1614 964 1693 phas.

843 1723 1030 1791 Unus
1082 1726 1322 1792 scilicet
1377 1726 1578 1794 adhuc
1633 1727 1802 1794 omni
1855 1745 2012 1793 aevo
2068 1727 2248 1793 Plato
2311 1727 2498 1811 fuit,
2539 1725 2637 1812 qni

760 1839 824 1906 in
876 1840 1124 1907 civitate
1176 1843 1536 1921 hominem,
1599 1842 1664 1909 in
1693 1845 1976 1910 ¹homine
2038 1843 2368 1911 civitatem
2431 1846 2639 1930 explo-

760 1974 941 2024 raret.
1049 1959 1243 2043 Quod
1286 1960 1527 2042 institui
1569 1961 1738 2043 apud
1778 1960 2061 2027 Graecos
2106 1960 2408 2043 facilius,
2456 1983 2628 2045 quan

759 2075 927 2157 apud
977 2092 1098 2141 nos
1154 2073 1363 2157 potuit
1477 2075 1638 2141 Nam
1681 2075 1808 2141 vita
1848 2076 2096 2143 illorum
2136 2080 2217 2146 ad
2255 2079 2626 2158 civitaten,

755 2191 939 2275 cujus
1011 2194 1180 2260 cives
1252 2206 1422 2256 erant
1452 2237 1477 2271 ‚
1545 2208 1678 2257 tota
1735 2191 2154 2259 refetebaturz
2246 2215 2389 2277 quo
2447 2195 2620 2279 magis
2733 2227 2734 2238 κ

760 2307 947 2392 hujus
1006 2307 1266 2389 imagine
1326 2308 1387 2371 in
1446 2311 1836 2390 explorandis
1896 2311 2396 2392 quibuscunque
2453 2313 2619 2377 rebus
2733 2379 2734 2386 χ

761 2425 1119 2490 utebantur.
1238 2424 1413 2489 Nihil
1479 2441 1573 2489 est
1631 2442 1882 2506 autern,
1948 2444 2078 2506 quo
2133 2426 2356 2509 aptius
2415 2426 2618 2493 diluci-

756 2545 1024 2624 diusque
1094 2560 1235 2606 cum
1314 2540 1598 2605 universe
1679 2542 1920 2622 ethica,
2011 2558 2143 2607 tum
2205 2545 2510 2623 quaestio
2565 2546 2618 2610 in

760 2659 979 2740 primis
1037 2659 1115 2724 de
1170 2658 1410 2742 justitia
1487 2658 1786 2737 beataque
1846 2658 1969 2723 vita
2025 2658 2328 2741 explicati
2392 2661 2616 2743 possit.

762 2777 923 2843 Nam
981 2795 1121 2840 cum
1178 2775 1539 2860 hominibus
1595 2787 1884 2838 constent
1943 2771 2272 2854 civitates,
2326 2791 2391 2840 et
2455 2776 2616 2857 quic·

762 2891 912 2974 quid
978 2893 1038 2956 in
1101 2889 1177 2955 iis
1242 2890 1410 2970 fit„
1444 2892 1520 2954 ab
1589 2889 1952 2955 hominibus
2011 2892 2419 2970 repetendum
2497 2892 2611 2970 sit,

715 3006 1175 3086 'spectaculum
1240 3005 1378 3072 illae
1440 3023 1727 3089 magnum
1799 3021 1862 3069 et
1924 3005 2163 3070 illustre
2232 3007 2614 3091 philosopho

760 3120 1103 3203 praebent,
1165 3121 1233 3184 in
1306 3141 1435 3202 quo
1521 3122 1830 3186 homiuem
1918 3121 2222 3204 exploret.
2354 3123 2613 3206 Veluti,

583 3275 590 3282 ·
672 3243 679 3249 '
765 3237 937 3319 quod
995 3234 1319 3302 facultates
1378 3238 1564 3312 animi
1633 3240 1928 3319 humani,
1993 3239 2340 3321 rationem,
2385 3241 2616 3325 cupidi·

762 3371 963 3435 ιιῑεε,
1041 3359 1214 3438 θυμὸν
1269 3356 1533 3434 attinet,
1616 3355 1725 3435 qui
1773 3369 1967 3420 semet
2021 3355 2157 3437 ipse
2219 3359 2438 3439 paullo
2493 3360 2614 3426 dili-

768 3474 1013 3558 gentius
1075 3491 1451 3556 cognoscere
1509 3472 1785 3552 studuit,
1883 3474 2096 3553 quales
2155 3474 2286 3540 sint
2348 3476 2494 3543 illae
2555 3493 2612 3542 et

768 3590 1276 3673 quemadmodum
1335 3608 1369 3653 a
1428 3607 1496 3654 se
1550 3587 1814 3654 invicem
1871 3589 2383 3674 distinguendae,
2449 3593 2613 3661 facile

766 3708 1186 3790 perspexerit;
1256 3708 1365 3771 sed
1423 3705 1485 3770 in
1528 3705 1777 3770 civitate
1840 3707 2086 3771 demum
2140 3708 2382 3773 eaedem
2441 3709 2612 3789 mae,
2733 3691 2734 3758 l

767 3839 1075 3904 tamquam
1138 3822 1200 3886 in
1245 3820 1471 3887 illustri
1517 3822 1780 3902 quodam
1837 3824 2019 3903 loc0‚
2063 3841 2381 3906 apparent.
2471 3827 2611 3894 Inde

767 3951 968 4003 autem
1026 3940 1421 4019 quaestiones
1472 3957 1683 4003 omnes
1748 3939 1823 4004 de
1880 3938 2221 4005 virtutibus
2277 3961 2349 4006 ac
2399 3941 2607 4024 vitiis,

768 4073 929 4135 quae
988 4055 1410 4140 gravissimum
1471 4055 1794 4123 continent
1853 4056 2082 4123 ethicae
2138 4055 2604 4143 argumentum,

2520 4201 2550 4246 1'
2549 4202 2608 4247 e-
