2792 5167
1427 465 1769 532 *φρ-.-

659 631 812 700 tisse
852 624 1123 711 sufficit,
1167 631 1476 714 probasse
1504 650 1587 698 eo
1642 630 1976 698 scribendo
2016 643 2338 697 auctorem
2365 676 2395 711 ‚
2440 623 2543 698 in-

652 768 794 818 oese
853 747 1127 815 hominis
1181 747 1392 814 animo
1420 748 1719 815 notiones
1756 748 2065 815 naturales
2081 794 2106 829 ,
2148 765 2391 830 easque
2437 748 2545 813 in-

653 866 1028 952 terrogando
1071 863 1253 932 elici:
1299 865 1478 950 quod
1524 864 1853 948 aptissime
1892 863 2101 930 effecit
2151 884 2297 930 cum
2349 882 2546 933 servo

655 983 1016 1052 inducendo
1037 1028 1063 1064 ‚
1105 1000 1295 1066 quem
1355 981 1646 1050 Socrates
1688 981 2098 1067 interrogaret
2119 1029 2144 1066 ,
2208 982 2352 1050 rudi
2397 1001 2559 1050 om-

654 1098 833 1166 nium
885 1116 1090 1168 rerum
1143 1112 1210 1165 et
1247 1095 1478 1184 ignaro
1510 1096 1767 1164 homine
1789 1144 1812 1178 ‚
1858 1111 1992 1164 tum
2032 1099 2544 1183 quaestionibus

658 1217 1063 1288 instituendis
1120 1215 1202 1284 de
1242 1217 1623 1303 geometriae
1687 1216 1934 1297 initiis,
2014 1232 2175 1298 quae
2235 1216 2545 1302 propriis

657 1335 887 1406 tuentis
945 1332 1354 1400 facultatibus
1410 1344 1769 1417 congruunt
1820 1329 2032 1398 unice.
2120 1331 2247 1400 Sed
2298 1332 2367 1400 id
2429 1334 2545 1418 ip·

656 1465 800 1522 sum
866 1450 1131 1520 interius
1193 1450 1385 1518 etiam
1447 1448 1514 1516 in
1553 1448 1889 1518 Phaedone
1927 1449 2216 1518 Socrates
2256 1449 2547 1533 inquirit

656 1569 1129 1657 elegantiusque
1180 1566 1443 1650 exponit
1463 1612 1488 1647 ‚
1575 1580 1648 1634 ut
1698 1564 1900 1632 eidem
1952 1567 2165 1636 visum
2229 1565 2551 1636 Ciceroni

653 1700 777 1758 ὅτ.
864 1686 1072 1771 Quem
1125 1686 1338 1751 locum
1363 1727 1390 1765 ,
1452 1680 1541 1750 ait
1561 1725 1589 1763 ,
1654 1686 1857 1750 multo
1918 1682 2105 1750 etiam
2168 1684 2546 1753 accuratius

657 1801 929 1888 explicat
961 1800 1030 1870 in
1066 1818 1144 1868 eo
1184 1817 1518 1881 sermone,
1565 1817 1753 1881 quem
1790 1798 2014 1867 habuit
2051 1818 2129 1868 eo
2176 1799 2319 1884 ipso
2363 1801 2481 1872 die
2504 1850 2536 1885 ‚

661 1940 794 2008 quo
837 1917 1109 1990 excessit
1164 1937 1203 1985 e
1263 1918 1419 1986 vita.
1506 1917 1716 1986 Docet
1754 1915 1917 1986 enim
1942 1963 1968 2000 ,
2030 1917 2323 2001 quemvis
2342 1966 2368 2002 ‚
2414 1901 2547 2004 qui

658 2038 939 2110 omnium
996 2053 1201 2103 rerum
1267 2034 1441 2100 rudis
1492 2051 1636 2100 esse
1675 2032 2005 2114 videatur,
2048 2033 2213 2101 bene
2249 2033 2540 2104 interro·

655 2153 826 2242 genti
907 2150 1390 2235 respondentem
1464 2149 1813 2233 declarare,
1882 2168 1960 2218 se
2018 2168 2150 2218 non
2205 2164 2343 2222 tum
2416 2154 2541 2224 illa

649 2271 892 2344 discere
911 2313 937 2352 ,
981 2268 1093 2337 sed
1133 2266 1590 2338 reminiscendo
1632 2284 2126 2353 recognoscere3
2190 2286 2306 2336 nec
2365 2288 2535 2340 vero

655 2388 794 2462 fieri
849 2389 985 2460 ullo
1032 2386 1225 2458 modo
1277 2403 1513 2469 posse,
1553 2397 1629 2450 ut
1685 2401 1723 2449 a
1776 2382 1994 2468 pueris
2039 2397 2140 2450 tot
2180 2402 2388 2452 rerum
2436 2402 2544 2452 at-

655 2524 785 2592 que
833 2517 1140 2572 tantarum
1205 2501 1426 2570 insitas
1484 2515 1549 2570 et
1610 2498 1791 2582 quasi
1848 2499 2247 2586 consignatas
2289 2501 2358 2570 in
2398 2502 2550 2572 ani-

653 2623 772 2696 mis
833 2621 1132 2690 notiones
1154 2665 1181 2701 ‚
1252 2637 1414 2703 quas
1475 2623 1693 2696 ἐννοίαις
1757 2633 1991 2684 vocant
2011 2665 2036 2700 ,
2103 2619 2482 2691 haberemus
2513 2670 2543 2705 ,

653 2740 782 2812 nisi
822 2741 1069 2808 animus
1095 2786 1119 2821 ,
1176 2752 1511 2820 antequam
1574 2737 1643 2802 in
1704 2754 1941 2820 corpus
1996 2734 2357 2808 intravisset
2378 2785 2404 2821 ‚
2464 2741 2536 2810 in

650 2877 859 2930 rerum
899 2858 1263 2943 cognitione
1299 2854 1633 2937 vigilisset.
1681 2850 1745 2898 ⁰>
1835 2854 2170 2922 Sermones
2222 2854 2350 2924 illic
2400 2857 2535 2924 So-

651 2991 854 3044 crates
894 2992 1039 3042 eum
1103 2969 1360 3040 Simmia
1405 2969 1695 3055 inprimis
1746 2985 1814 3040 et
1854 2971 2096 3042 Cebete
2136 2972 2216 3040 de
2255 2972 2535 3055 pristina

652 3089 917 3173 quadam
956 3086 1146 3156 animi
1184 3086 1315 3156 vita
1349 3087 1540 3156 habet
1562 3134 1589 3168 ‚
1633 3106 1821 3171 quam
1870 3103 2208 3173 postquam
2256 3107 2335 3158 ex
2371 3109 2535 3175 geo-

651 3202 908 3272 metriae
963 3201 1292 3286 disciplina
1341 3201 1553 3272 effecit
1575 3250 1600 3287 ,
1651 3202 1887 3287 quodsi
1910 3251 1935 3285 .
1980 3204 2186 3288 inqnit
2204 3251 2229 3286 ‚
2274 3223 2316 3270 o
2357 3205 2531 3278 Sim-

535 3357 542 3364 ·
654 3325 823 3406 mia,
864 3341 1001 3392 non
1033 3323 1158 3390 hoc
1198 3321 1391 3392 modo
1430 3321 1550 3392 tibi
1588 3339 1720 3392 rem
1761 3323 2132 3407 persuades,
2183 3321 2310 3392 alio
2362 3342 2534 3396 con·-

651 3440 979 3511 sideranda
1037 3452 1179 3523 est3
1258 3454 1324 3508 et
1397 3439 1670 3524 primum
1726 3440 1979 3523 quidem
2040 3441 2472 3526 quaerendum
2495 3493 2527 3528 ‚

654 3559 811 3642 quid
847 3561 933 3630 sit
975 3556 1283 3628 recordari
1304 3603 1328 3638 ,
1373 3571 1507 3626 tum
1548 3557 1813 3628 maxime
1833 3605 1859 3638 ‚
1902 3577 2055 3626 num
2097 3558 2223 3628 alia
2279 3558 2535 3631 ratione

649 3675 782 3744 unt
806 3719 831 3753 .
877 3694 1066 3756 quam
1107 3674 1492 3744 recordando
1516 3721 1541 3756 ‚
1580 3675 1661 3744 ad
1713 3694 1917 3744 rerum
1954 3674 2280 3760 possimus
2324 3679 2532 3747 acien-

650 3787 797 3858 tiam
839 3792 1194 3872 pervmire.
1283 3792 1412 3862 Htc
1452 3793 1741 3866 Socrates
1793 3810 1925 3863 rem
1966 3793 2275 3867 continuo
2314 3811 2527 3865 exem·

725 4015 808 4089 (ι)
848 4015 968 4070 cie.
1004 4017 1123 4078 eoa.
1158 4020 1201 4073 1.
2402 3907 2520 3988 plo
