2792 5167
999 418 1405 484 ...137-

233 577 502 645 inducit
556 596 710 645 cum
765 578 995 649 Crasso
1054 580 1324 665 aliisque
1391 581 1459 646 in
1526 580 1714 667 hujus
1759 579 2141 660 „Tusculano

234 693 696 763 ambulantem
732 745 757 778 ,
840 717 900 766 et
954 699 1199 766 duobus
1262 697 1495 782 spatiis
1562 697 1847 764 tribusve
1916 694 2169 777 factis,‘

237 809 410 875 haec
443 829 858 897 usurpantem
889 812 998 881 (Ἣ
1046 863 1098 896 ,,
1142 835 1259 883 cur
1297 830 1432 881 non
1474 815 1823 896 imitamur,
1866 814 2148 893 Crasse,

241 924 601 995 Socratem
656 931 870 1013 illum,
914 934 1019 1016 qui
1068 950 1160 1000 est
1199 930 1265 1001 in
1301 936 1582 1002 Phaedro
1622 933 1953 1001 Platonis?
1995 950 2145 999 uam
2214 998 2227 1009 ,

235 1062 350 1109 me
401 1046 565 1111 haec
603 1063 708 1116 tua
754 1052 1036 1133 platanus
1088 1053 1459 1133 admonuit,
1517 1070 1675 1137 quae
1734 1069 1868 1117 non
1922 1048 2139 1115 minus

228 1162 315 1229 ad
377 1167 778 1247 opacandum
839 1169 1009 1234 hunc
1065 1170 1279 1234 locum
1317 1169 1558 1250 patulis
1615 1182 1713 1236 est
1756 1164 1985 1233 diffusa
2041 1168 2165 1231 'ra--

224 1278 355 1345 mis
385 1327 413 1363 ,
465 1303 671 1364 quam
711 1285 819 1349 ina
842 1330 868 1361 ,
910 1285 1100 1367 cujus
1152 1282 1432 1349 umbram
1475 1298 1727 1348 secutus
1780 1296 1877 1347 est
1920 1281 2167 1347 soem·

229 1409 340 1461 tes
368 1443 398 1472 ..
494 1417 671 1478 quac
767 1398 927 1465 mihi
1011 1400 1259 1465 videtur
1332 1418 1465 1468 non
1529 1416 1653 1464 tam
1706 1399 1843 1480 ipsa
1919 1398 2173 1479 aquia‚·

233 1528 426 1594 quae
474 1512 911 1594 describitur,
960 1534 1144 1599 quam
1194 1516 1475 1585 Platonis
1521 1517 1800 1584 oratione
1838 1514 2171 1583 crevisset·

234 1642 312 1693 et
354 1631 555 1711 quod
610 1629 716 1696 ille
764 1631 1118 1698 durissimis
1167 1634 1441 1717 pedibus
1498 1633 1685 1712 fecit,
1754 1650 1826 1700 ut
1884 1652 1954 1699 se
1999 1630 2173 1718 abii-2

228 1762 420 1812 ceret
470 1748 543 1814 in
578 1748 826 1815 herbam
873 1766 1065 1833 atque
1109 1751 1196 1818 ita
1236 1751 1387 1835 illa,
1435 1773 1594 1834 quae
1636 1751 2005 1836 philosophi
2049 1751 2151 1816 di-

230 1862 502 1931 vinitus
543 1864 760 1933 ferunt
817 1886 958 1938 esse
1002 1869 1171 1939 dicta
1195 1918 1222 1950 ‚
1264 1871 1668 1951 loquetetur,
1709 1870 1777 1938 id
1825 1871 1983 1936 meis
2033 1889 2143 1953 pe-

237 1977 457 2047 dibus
524 2000 697 2053 certe
765 1985 1026 2055 concedi
1086 2003 1184 2050 cst
1248 1987 1538 2067 aequius.
1575 1986 1618 2015 '’
1712 1988 1859 2068 Ipse
1912 1986 2141 2053 Cicero

239 2099 583 2168 rusticans
621 2120 763 2167 cum
801 2098 992 2168 fratrc
1037 2104 1207 2187 apud
1250 2105 1555 2170 Crassum
1592 2102 1657 2168 in
1716 2103 1935 2169 eodem
1978 2100 2157 2171 Tus-

239 2217 535 2299 culano,
607 2232 682 2284 ut
741 2220 1118 2297 ambulando
1188 2222 1567 2286 devenerant
1628 2222 1694 2287 in
1758 2219 2024 2288 insulam
2088 2234 2150 2285 et

245 2332 608 2401 Fibrenum
631 2382 655 2416 ,
697 2337 866 2403 hune
920 2357 1160 2407 amnem
1217 2339 1409 2405 Ilisso
1466 2356 1836 2423 comparat:
1911 2387 1968 2423 ‚,
2008 2341 2177 2404 nul--

245 2452 386 2518 lum
448 2454 615 2537 hoc,
659 2452 911 2537 inquit,
977 2453 1270 2541 frigidius
1323 2456 1557 2524 flumen
1606 2457 1831 2542 attigi,
1876 2476 2018 2527 cum
2068 2455 2149 2521 nd

249 2572 460 2641 multa
505 2573 870 2638 accesserim
896 2620 920 2653 ,
981 2591 1052 2639 ut
1097 2573 1206 2640 vix
1250 2575 1409 2657 pede
1462 2590 1699 2643 tentare
1738 2573 1804 2638 id
1852 2571 2139 2655 possim:

256 2688 454 2765 quod
504 2689 573 2752 in
609 2688 894 2757 Phaedro
927 2687 1217 2753 Platonis
1277 2688 1431 2753 facit
1484 2688 1851 2754 Socrates.”
1896 2687 1960 2732 <¹³
2047 2686 2151 2753 Sic

265 2802 550 2867 omnino
596 2816 842 2883 ceperat
881 2802 1257 2867 Ciceronem
1306 2800 1798 2867 venustissimus
1829 2801 2110 2881 diaiogus
2130 2847 2158 2877 ,

261 2932 344 2981 ut
401 2918 730 2985 Phaedrus
795 2917 901 2981 ille
960 2931 1024 2980 et
1088 2915 1286 2982 amnis
1340 2932 1404 2981 et
1466 2917 1755 2999 platanus
1806 2930 1870 2982 et
1926 2932 2160 2982 caetera

259 3036 487 3103 omnia
537 3036 604 3101 in
646 3050 867 3102 sancto
917 3035 1032 3101 illo
1079 3037 1225 3100 Ioco
1259 3053 1505 3118 semper
1547 3033 1749 3117 ipsius
1795 3033 2002 3099 animo
2055 3051 2151 3099 es-

257 3170 418 3223 sent
472 3153 850 3241 praesentia.
994 3152 1120 3220 Sed
1184 3170 1342 3234 quae
1428 3150 1731 3219 divinitus
1791 3151 1921 3217 iilic
1960 3200 1983 3232 ,
2076 3167 2149 3218 ut

261 3270 427 3341 idem
469 3275 556 3339 ait
577 3320 602 3354 ,
644 3272 932 3339 Sacram
953 3272 1193 3356 serunt
1242 3289 1365 3336 cssc
1410 3268 1584 3336 dicta
1598 3317 1621 3351 ,
1683 3271 1831 3336 haec
1878 3290 2032 3337 vero
2082 3268 2150 3333 in

272 3387 732 3455 admirationem
787 3402 1138 3473 rapuerunt
1195 3402 1516 3470 posteros.
1622 3384 1882 3452 Scilicet
1955 3382 2156 3462 scrip-

275 3501 374 3566 sit
420 3501 580 3569 hunc
631 3505 944 3590 dialogum
989 3506 1210 3583 Plat0,
1257 3520 1389 3567 non
1438 3516 1510 3567 ut
1555 3499 1969 3583 symposium
2016 3516 2183 3577 pro--

275 3617 564 3685 vectiore
599 3636 830 3702 aetate,
893 3622 1005 3688 sed
1060 3620 1206 3707 ipso
1261 3618 1618 3706 juventutis
1675 3618 1918 3697 vigore.
2009 3608 2156 3699 Quo

2032 3729 2154 3797 fac-

352 3878 447 3944 (ι)
483 3872 572 3925 De
605 3872 764 3925 Orat.
807 3873 850 3925 1.
887 3893 935 3942 7.
1045 3874 1128 3943 (ι)
1171 3870 1335 3939 Legg.
1379 3868 1460 3921 11.
1499 3888 1545 3926 c.
1584 3869 1634 3923 3.
1671 3868 1807 3922 adde
1844 3867 1959 3922 Cic.
1996 3866 2149 3927 Orat,

265 3966 552 4027 ...h-aa,
589 3965 671 4017 23.
712 3964 842 4020 niv.
882 3963 930 4016 1.
966 3963 1254 4041 57.'1'use.
1301 3962 1344 4012 1.
1383 3960 1469 4015 2³.

1209 4053 1309 4145 15
