2792 5167
1423 496 1720 560 ...4-

646 680 891 768 indigna
929 683 1078 751 baec
1120 685 1373 754 homine
1406 688 1630 778 placita
1672 687 1809 756 sive
1844 683 2154 774 proferret
2192 690 2257 758 in
2289 688 2488 760 lucan

644 797 784 865 sive
853 795 1345 868 commendaret:
1446 802 1560 870 sed
1629 804 1967 871 eorundem
2038 803 2501 872 Germanorum

645 914 812 980 baud
865 916 1046 998 pauci
1105 913 1362 983 fuerunt
1378 963 1406 999 ,
1446 918 1908 1003 posterioribus
1951 921 2214 987 maxime
2253 934 2496 1006 tempo-

647 1028 823 1098 ribus
867 1031 1086 1113 hisee,
1128 1033 1169 1114 ξ
1171 1032 1279 1117 qui
1336 1032 1691 1116 inquirendi
1739 1034 2095 1120 diligentiae
2145 1034 2499 1102 severitati-

650 1163 781 1230 que
837 1163 1079 1214 omnem
1099 1194 1125 1229 ,
1169 1148 1277 1217 vix
1315 1150 1503 1217 ullam
1558 1148 1988 1235 perspicuitati
2004 1198 2031 1232 ‚
2076 1169 2329 1237 operam
2384 1169 2499 1218 na·-

644 1276 866 1329 vantes
886 1306 913 1342 ‚
1001 1275 1066 1329 et
1116 1263 1249 1332 suis
1310 1263 1434 1348 ipsi
1485 1265 1727 1352 placitis
1765 1280 1830 1333 et
1885 1266 2008 1333 toti
2056 1267 2495 1352 philosophiae

646 1367 742 1443 sic
817 1378 1104 1445 tenebras
1163 1377 1604 1462 offunderent,
1682 1396 1760 1448 ut
1824 1382 1902 1448 ab
1972 1383 2108 1468 eius
2162 1384 2376 1452 studio
2428 1397 2500 1451 et

643 1494 1008 1581 ‘cognitione
1029 1538 1057 1577 ,
1095 1497 1375 1582 exceptis
1417 1496 1815 1581 philosophis
1829 1544 1856 1580 ‚
1917 1511 2195 1567 caeteros
2216 1499 2500 1568 homines

647 1613 1045 1680 excluderent
1115 1631 1356 1680 omnes.
1483 1613 1690 1700 Quam
1752 1613 2242 1698 philosophandi
2318 1615 2505 1683 ratio-

644 1729 834 1809 nem,
874 1726 1085 1796 ubivis
1119 1727 1310 1794 hodie
1333 1728 1397 1794 in
1437 1727 1572 1795 dies
1595 1729 2073 1798 invalescentem
2090 1731 2328 1814 magis,
2367 1746 2496 1801 mm

643 1845 886 1916 ‘artibus
939 1844 1367 1930 doctrinisque
1382 1892 1409 1927 ,
1488 1865 1675 1929 quam
1722 1846 1849 1930 ipsi
1904 1847 2342 1934 philosophiae
2384 1867 2499 1916 ve-

647 1962 969 2031 hementer
1022 1981 1291 2044 nocere,
1332 1980 1521 2030 nemo
1562 1978 1661 2029 est
1680 2010 1705 2044 ‚
1753 1964 1908 2048 quin
1952 1978 2184 2049 sponte
2238 1964 2443 2031 videat
2465 2010 2496 2043 ‚

642 2091 712 2147 et
773 2077 916 2166 ipsi·
953 2076 1230 2146 fatentur
1287 2078 1631 2162 dolentque
1692 2079 1978 2148 cultioris
2036 2079 2268 2167 ingenii
2332 2079 2500 2148 Ger·

643 2194 837 2264 mani.

728 2310 1026 2399 Longum
1080 2311 1250 2394 hoc,
1332 2312 1496 2379 dicat
1560 2312 1831 2395 aliquis,
1898 2313 2285 2399 prooemium
2353 2327 2491 2381 cst:

644 2435 871 2517 μακρὸν
908 2434 979 2502 τὸ
1013 2434 1305 2515 προοίμιον
1342 2434 1426 2516 τῷ
1469 2433 1841 2514 ἐπιθυμοῦντι
1889 2435 2169 2502 ἀκοῦσαι.
2253 2428 2493 2497 Verum

644 2560 931 2614 nostrum
969 2564 1101 2612 non
1136 2545 1261 2612 hoc
1311 2545 1497 2611 unice
1539 2546 1948 2629 propositum
1996 2559 2139 2626 est,
2182 2559 2257 2610 ut
2290 2545 2499 2628 philo·

639 2649 931 2749 sophiam
987 2661 1266 2729 Platonis
1329 2661 1841 2745 interpretemur-3
1928 2661 2084 2728 illud
2138 2675 2492 2746 spectamus

637 2779 791 2849 item
812 2826 839 2862 ‚
929 2779 1104 2863 quod
1169 2780 1311 2863 iure
1369 2778 1514 2861 quis
1591 2778 1670 2843 ab
1753 2778 2094 2863 interprete
2170 2779 2449 2863 postulet
2469 2821 2494 2861 ,

639 2911 719 2964 ut
773 2895 1232 2981 interpretanda
1278 2896 1350 2960 ea
1415 2893 1847 2976 praesentibus
1894 2894 2283 2978 temporibus
2342 2913 2497 2961 con·

639 3016 939 3080 sulamus.
1072 3007 1280 3076 Nemo
1339 3021 1438 3075 est
1462 3055 1486 3089 ,
1572 3009 1737 3092 quin
1790 3021 1964 3094 optet
2006 3009 2333 3092 ardenter,
2413 3023 2492 3078 ut

638 3143 827 3211 quam
865 3124 1030 3192 viam
1066 3123 1358 3191 inivimus
1401 3142 1582 3191 verae
1633 3124 2079 3211 philosophiae
2102 3172 2126 3207 ‚
2174 3144 2335 3209 quae
2365 3139 2494 3199 tam

630 3241 1024 3326 'disceptandi
1059 3241 1417 3323 diligentia,
1476 3261 1661 3323 quam
1700 3241 2114 3326 popularitate
2131 3288 2155 3323 ‚
2196 3241 2488 3312 omnibus

636 3372 806 3428 oeset
842 3354 1207 3426 mortalibus
1258 3354 1543 3423 salutaris
1562 3403 1588 3438 ,
1653 3357 1810 3423 hanc
1871 3358 2031 3454 viam
2090 3358 2155 3423 in
2207 3372 2490 3430 neutram

639 3475 1027 3543 discedentes
1068 3485 1304 3557 partem
1361 3486 1721 3538 constanter
1781 3491 2252 3558 persequamur.
2331 3475 2492 3545 Pro-

637 3593 819 3659 desse
872 3607 1077 3658 autem
1138 3587 1283 3655 huie
1336 3588 1550 3654 studio
1571 3634 1597 3669 ,
1659 3606 1809 3656 sane
1850 3608 2038 3673 quam
2077 3592 2493 3674 generosissi-

636 3723 784 3785 m0‚
874 3706 1026 3773 nihil
1063 3687 1319 3789 'poterit
1378 3703 1575 3789 magis
1599 3750 1622 3786 ‚
1687 3723 1873 3789 quam
1935 3705 1992 3772 si
2046 3705 2367 3777 Socratem
2426 3723 2491 3776 et

632 3819 951 3887 Platonem
968 3867 995 3903 ‚
1053 3819 1256 3905 ipsius
1297 3820 1733 3906 philosophiae
1772 3820 1843 3887 in
1893 3822 2220 3894 hominnm
2265 3841 2487 3911 genere

631 3948 954 4032 parcum,
1017 3937 1199 4021 sequi
1256 3953 1598 4004 conemur:
1663 3917 1811 4003 non'
1844 3935 1965 4019 ut,
2010 3954 2347 4021 puerorum
2382 3937 2478 4005 in-

2300 4063 2425 4118 star
2447 4099 2474 4137 ‚
