2792 5167
1008 400 1397 484 ...69-

328 580 435 648 Et
488 580 652 645 haec
717 576 949 660 quidem
1004 579 1315 646 hactenus
1371 583 1468 647 de'
1495 579 1951 666 philosophiae
1984 587 2140 666 apud

235 695 599 763 maronem
662 709 914 776 nanu-a,
977 700 1315 782 proposito
1339 746 1364 780 ‚
1455 698 1742 764 ubertate
1763 747 1787 781 ‚
1871 693 2138 765 ambitu.

234 814 447 898 Quae
493 801 640 879 sane
688 831 817 878 non
866 813 941 880 ita
976 813 1484 898 disputantium,
1533 813 1712 897 quasi
1755 815 1966 881 omnia
1993 835 2150 899 pro-

236 929 561 997 baremus
604 932 913 1015 piatonis,
966 934 1130 999 nulla
1178 933 1662 1000 Recentiorum·
1690 936 1942 1018 placita.
2032 935 2139 1000 In-

230 1060 569 1132 terpretes
636 1067 853 1116 sumus
914 1051 1323 1135 philosophi,
1401 1070 1535 1117 non
1599 1053 1995 1119 laudatores:
2068 1062 2150 1117 et*

232 1167 438 1232 multa
504 1167 586 1233 ab
646 1166 923 1251 antiquis
985 1169 1281 1234 inchoata
1330 1168 1643 1234 recentior
1699 1171 1947 1236 demum
1990 1189 2135 1253 per-

226 1281 385 1352 fecit
433 1291 640 1353 actas·
731 1286 899 1352 mud
942 1285 1123 1350 unice
1165 1283 1453 1365 egimus,
1495 1298 1571 1348 ut
1607 1302 1684 1348 ex
1714 1284 1947 1350 veteris
1993 1285 2129 1352 aevi

225 1402 487 1467 ratione
574 1398 937 1468 Platonicae
1012 1400 1461 1482 philosophiae
1528 1398 1726 1465 veluti
1808 1400 2136 1481 imaginem

218 1517 773 1582 adumbrat-emus
805 1562 831 1595 ‚
915 1535 1177 1597 eamque
1261 1516 1613 1581 universam
1687 1519 2089 1599 contemplati
2113 1566 2139 1597 ‚

220 1629 542 1716 singulas
592 1632 733 1716 ejus
768 1647 974 1716 partes
1025 1632 1387 1715 singulatim
1447 1633 1739 1717 deinceps
1791 1635 2145 1718 explorare-

217 1768 399 1816 mus,
500 1748 705 1835 Quod
750 1763 823 1815 ut
872 1767 1040 1816 nunc
1086 1748 1276 1814 nobis
1327 1749 1782 1817 instituendum
1841 1765 1978 1833 est,
2047 1752 2137 1819 ita

215 1866 605 1950 quaerimus
660 1864 965 1932 continuo
986 1914 1011 1948 ‚
1068 1867 1243 1932 unde
1293 1868 1662 1934 ordiendum
1726 1868 2016 1935 videatur
2062 1870 2132 1936 in

214 1983 347 2050 hac
408 1982 886 2062 disceptatione
906 2029 931 2062 ‚
1000 1981 1161 2062 quid
1211 1982 1481 2063 primum
1545 1983 1671 2062 sit,
1735 1984 1891 2064 quid
1921 1987 2136 2068 proxi-

217 2120 381 2182 me,
431 2099 601 2184 quid
649 2117 847 2183 porro
898 2099 1429 2184 perlustmndum.
1519 2098 1664 2164 Nec
1703 2117 1852 2164 sane
1903 2098 1973 2165 id
2019 2115 2144 2166 sta·-

217 2219 341 2286 tim
396 2216 472 2285 in
538 2217 766 2286 oculos
820 2216 1106 2284 incurrit.
1194 2217 1359 2284 Nam
1413 2231 1625 2301 partes
1677 2235 1808 2282 non
1835 2205 2140 2302 apparent

216 2336 643 2421 effiginam,
684 2334 798 2401 sed
836 2336 1093 2419 junctae
1129 2349 1277 2400 sunt
1306 2348 1371 2399 et
1401 2352 1724 2401 connexae
1766 2353 1982 2400 secum
2039 2334 2137 2399 in·-

216 2455 439 2524 vicem
495 2453 890 2534 arctissime,
952 2468 1016 2520 et
1080 2452 1227 2520 huic
1270 2451 1634 2536 praesertim
1694 2452 2137 2540 conjunctioni

213 2573 351 2640 vim
404 2591 600 2640 suam
659 2586 723 2636 et
773 2569 1101 2636 efficaciam
1140 2570 1392 2638 debent.
1481 2572 1573 2640 Et
1613 2585 1819 2636 tamen
1851 2572 2132 2654 prudenq

214 2707 321 2756 ter
378 2688 593 2804 nobis
650 2687 731 2752 ab
787 2686 974 2751 initio
1032 2686 1180 2750 inde
1242 2688 1628 2753 instituenda
1683 2702 1782 2752 est
1835 2688 2136 2769 disquisi-

216 2807 326 2873 tio
351 2851 379 2886 ‚
448 2822 549 2869 ne
602 2819 963 2884 perversam
1009 2801 1301 2867 ineuntes
1367 2800 1679 2866 rationem
1692 2847 1718 2881 ‚
1779 2801 2141 2868 oberremus

218 2922 574 3008 turpiter·
666 2934 871 2999 eoque
939 2913 1191 2984 cautius
1261 2913 1706 2998 inquirendum
1781 2915 1933 2999 erit,
2014 2937 2143 3001 quo

214 3041 491 3113 facilius
560 3054 688 3104 nos
744 3035 811 3103 in
862 3051 1132 3102 errorem
1189 3032 1445 3100 inducat
1501 3032 1924 3117 posteriorum
1973 3036 2138 3104 ratio

214 3156 787 3248 philosophorum
812 3200 839 3234 ‚
886 3152 1001 3235 qui
1052 3150 1477 3221 discesserunt
1524 3172 1559 3220 a
1603 3153 1862 3220 Platone
1927 3171 1988 3221 et
2043 3168 2136 3220 ta-

217 3297 361 3347 men
420 3278 489 3346 si
500 3274 573 3342 bi
642 3270 919 3356 aliisque
984 3269 1151 3336 idem
1212 3271 1491 3340 tenuisse
1565 3270 1688 3340 iter
1751 3270 1877 3339 visi
1950 3287 2132 3338 sunt.

228 3397 376 3477 Age
395 3443 423 3480 ‚
495 3393 665 3462 viam
721 3405 1095 3475 quaeramus
1114 3435 1141 3471 ‚
1204 3394 1332 3473 qua
1367 3391 1783 3475 procedamus
1835 3388 2140 3467 deinceps

230 3511 509 3579 firmiter
561 3523 628 3574 et
670 3507 972 3595 iucunde.

325 3629 497 3696 Post
549 3627 867 3696 Platonem
938 3625 1347 3710 philosophia
1415 3625 1484 3694 in
1552 3625 1764 3692 varias
1825 3617 2146 3687 doctrinas

232 3741 562 3814 distribui
592 3742 801 3823 coepit
817 3788 842 3821 ‚
877 3743 1090 3824 prouti
1120 3743 1321 3810 verbo
1352 3744 1480 3826 iam
1513 3736 1920 3805 monuimus:
1969 3737 2142 3819 quod

230 3862 507 3938 institui
564 3856 753 3928 facile
811 3859 1013 3941 potuit
1035 3907 1060 3940 ‚
1125 3858 1428 3944 quoniam
1487 3852 1635 3922 fons
1687 3867 1817 3923 erat
1840 3901 1865 3935 ‚
1928 3873 1962 3920 e
2011 3874 2141 3939 quo

230 3980 577 4054 doctrinae
618 3993 848 4050 omnes
894 3991 1226 4046 manarent.
1315 3971 1659 4062 separatim
1712 3970 1948 4059 igitur,
1989 3995 2144 4060 pro·⁴
2245 4005 2251 4012 ·

1125 4096 1270 4178 133
1919 4089 2146 4155 'ce-
