2792 5167
1465 451 1822 518 *52*-

718 615 858 686 sine
894 631 972 684 eo
1010 618 1422 686 instrumento
1461 618 1538 682 ad
1577 619 1765 683 ullam
1812 633 1938 680 rem
1978 614 2378 683 illustriorem
2424 612 2559 682 satia

724 735 1234 816 ornatus.possit
1264 734 1574 799 accedere.
1663 733 1768 798 Ab
1830 732 1931 800 his
1982 750 2308 814 oratores,
2350 733 2426 799 ab
2474 732 2561 801 his

721 851 1126 935 imperatores
1194 869 1263 915 ac
1325 870 1537 918 rerum
1615 851 2001 935 publicarum
2085 852 2397 935 principes
2476 867 2570 916 ex·

717 964 1047 1032 stiterunt:
1094 979 1169 1031 ut
1202 969 1281 1032 ad
1317 966 1553 1034 minora
1604 967 1842 1034 veniam
1865 1014 1890 1049 ,
1930 968 2387 1049 mathematici,
2433 971 2568 1052 μοδ-

714 1091 861 1162 tae,
903 1079 1174 1163 musici,
1217 1082 1440 1148 medici
1491 1083 1762 1166 denique
1814 1102 1890 1149 ex
1938 1085 2058 1149 hac
2119 1100 2442 1172 tamquam
2498 1102 2570 1152 ex

718 1199 985 1263 omnium
1046 1202 1292 1264 artium
1358 1202 1592 1288 officina
1654 1200 1925 1285 ‘profecti
1983 1201 2208 1268 sunt.”
2291 1202 2381 1268 Et
2432 1217 2575 1268 vero

718 1309 990 1397 Strabo,
1035 1314 1321 1397 quamvis
1376 1317 1544 1382 haud
1588 1317 1945 1401 improbans
1999 1337 2215 1383 eorum
2246 1332 2577 1383 consuetu·

718 1432 923 1500 dinem
949 1481 973 1515 ‚
1008 1433 1120 1514 qui
1163 1433 1629 1518 philosophiam
1670 1435 1978 1501 vocabant
2003 1454 2201 1501 rerum
2240 1433 2578 1500 divinarum

721 1555 785 1606 et
832 1541 1239 1608 humanarum
1287 1547 1610 1610 scientiam
1628 1588 1654 1626 ,
1700 1559 1903 1610 tamen
1926 1590 1949 1625 ,
1995 1543 2060 1608 in
2113 1544 2423 1627 praeclaro
2471 1541 2580 1607 illo

726 1659 936 1744 operis
1000 1659 1309 1740 exordi0‚
1375 1663 1498 1727 hoc
1557 1661 1817 1728 maxime
1877 1661 2049 1744 egit,
2115 1676 2189 1727 ut
2248 1659 2583 1726 ubertatem

720 1775 1099 1855 praedicaret
1154 1775 1639 1857 philosophiae,
1685 1776 1875 1858 ipsam
1943 1781 2095 1844 adeo
2149 1777 2586 1860 geographiam

720 1909 799 1956 ex
840 1908 911 1956 ea
953 1889 1295 1956 effloruisse
1337 1892 1813 1959 demonstraret.

804 2008 950 2074 Hoc
991 2024 1194 2075 autem
1240 2011 1565 2094 indagandi
1606 2009 2161 2094 cognoscendique
2209 2008 2484 2076 studium
2524 2009 2592 2075 in

715 2123 968 2211 scriptis
996 2099 1303 2194 'Platonis
1367 2126 1721 2195 dominatur
1777 2130 1983 2211 plane.
2092 2126 2279 2192 Haud
2330 2128 2594 2193 condere

718 2259 983 2309 conatur
1040 2244 1384 2310 doctrinam
1446 2245 1770 2325 quamdam
1835 2243 1971 2311 sive
2029 2259 2349 2326 systema,
2419 2246 2593 2327 quod

712 2369 836 2425 nos
892 2377 1187 2425 vocamus
1210 2407 1234 2439 ,
1293 2361 1406 2425 sed
1471 2361 1789 2426 Socratem
1848 2376 1911 2427 et
1972 2362 2127 2428 alios
2185 2360 2278 2427 sic
2343 2361 2587 2428 inducit

714 2489 817 2541 res
882 2474 1274 2557 gravissimas
1338 2476 1772 2558 perquirentes
1823 2493 1886 2543 et
1964 2478 2456 2561 investigantes,
2511 2493 2589 2544 ut

713 2592 883 2658 dicas
957 2592 1270 2674 subinde,
1335 2594 1449 2658 hac
1524 2613 1662 2658 eum
1724 2593 2166 2675 disquisitione
2216 2609 2589 2662 contentum

712 2703 938 2776 fuisse.
1025 2709 1306 2777 Instituit
1344 2713 1562 2794 longas
1607 2710 1874 2776 subinde
1913 2713 1989 2777 de
2020 2726 2272 2792 sancto,
2316 2713 2394 2777 de
2431 2727 2593 2778 tem·-

703 2830 1056 2918 perantia‚
1098 2828 1177 2894 de
1232 2831 1493 2895 scientia
1551 2828 2048 2912 disputationes,
2095 2825 2159 2872 (Ο
2217 2826 2452 2910 quibus
2493 2842 2595 2894 ta-

708 2964 900 3028 men,
942 2946 1006 3011 in
1067 2946 1296 3028 dialogi
1339 2949 1649 3032 cujusque
1691 2947 1857 3028 fine,
1915 2946 2068 3029 quid
2106 2944 2352 3026 singula
2399 2944 2588 3026 sint,

712 3078 844 3126 non
878 3061 1161 3147 efficitur.
1233 3063 1303 3127 In
1341 3064 1476 3127 aliis
1524 3062 1775 3143 scriptis
1817 3063 2219 3145 propositum
2260 3079 2598 3144 argumen-

713 3189 849 3241 tum
908 3190 1053 3258 apte
1103 3178 1413 3260 explicat,
1460 3175 1521 3221 (¹)
1566 3177 1676 3242 sed
1734 3173 1982 3242 ita'hoc
2049 3174 2179 3243 fere
2213 3178 2593 3263 peragitur,

708 3305 785 3359 ut
862 3291 1306 3376 distinguendo
1388 3290 1927 3375 disquirendoque
2009 3313 2086 3360 eo
2156 3294 2591 3379 perveniatur.

715 3409 990 3478 Protulit
1049 3409 1306 3475 omnino
1344 3408 1673 3474 scribendo
1724 3408 2057 3492 opiniones
2091 3429 2236 3476 suas
2277 3410 2355 3475 de
2393 3409 2599 3482 rebus

716 3527 950 3596 divinis
984 3541 1053 3594 et
1090 3526 1374 3593 humanis
1404 3575 1428 3607 ,
1471 3526 1597 3593 imo
1632 3527 1928 3610 probavit
1969 3547 2072 3594 eas
2127 3543 2194 3594 et
2252 3528 2328 3594 ab
2369 3527 2605 3595 adver-

715 3645 1018 3712 sariorum
1080 3642 1491 3728 opinionibus
1564 3643 1887 3726 defendit,
1949 3645 2063 3710 sed
2109 3644 2181 3710 in
2235 3644 2372 3728 ipsa
2425 3646 2599 3713 adeo

2471 3737 2602 3832 hac

716 3998 729 4009 ο
788 3911 973 4051 (19³⁰
1011 3913 1314 3985 Euty-pbr„
1355 3913 1613 3982 Charra„
1655 3911 1878 3971 Theaet.
1937 3921 2035 3990 .(a)
2078 3919 2168 3974 De
2185 3918 2407 3992 justiti·
2439 3934 2500 3977 va
2540 3932 2606 3971 e.

711 4015 772 4053 an
851 4015 886 4052 o
913 4002 1022 4053 'tim
