2792 5167
786 532 1174 600 -225-

20 718 73 766 c
140 698 569 783 respondet,
614 713 686 764 ut
732 716 812 767 ex
870 700 1055 767 animi
1122 705 1340 769 natura
1396 701 1656 783 efficiat,
1702 702 1912 785 potio·

17 835 125 883 :m
186 815 487 883 animum
527 831 597 881 ac
634 816 898 899 priorem
933 836 1198 901 corpore
1231 836 1403 884 esse:
1448 840 1575 901 quo
1616 821 1692 885 ad
1729 838 1912 885 muno

17 954 155 1001 um
226 936 405 1000 hunc
442 933 915 1017 adspectabilem
956 937 1239 1000 traducto
1270 983 1294 1016 ‚
1356 936 1466 1016 qui
1523 934 1708 1002 rebus
1768 954 1908 1002 cor·

18 1051 253 1120 oreis
293 1066 590 1128 constat,
656 1050 884 1136 pariter
936 1053 1078 1119 inde
1118 1052 1482 1135 concludit,
1546 1068 1907 1137 anteaquam

17 1168 315 1235 tundus
358 1167 750 1249 exstitisset,
795 1169 981 1235 animi
1043 1169 1299 1237 affuisse
1344 1171 1542 1238 divini
1585 1161 1906 1256 cujusdam

18 1285 125 1351 im
160 1331 194 1366 ‚
271 1288 399 1366 qua
442 1290 628 1371 φύσις
678 1285 833 1366 sit‚.
871 1306 1054 1369 quam
1096 1290 1487 1370 loquuntur,
1550 1304 1709 1355 orta.
1836 1287 1908 1354 Id

17 1418 233 1467 utem
281 1416 623 1484 postquam
663 1380 809 1468 fusa
845 1404 1369 1471 demonstratione
1399 1404 1716 1485 confecit,
1757 1405 1907 1470 haec

19 1518 223 1584 ddit.
328 1517 408 1587 Ei
466 1536 659 1603 ergo,
707 1519 815 1601 qui
856 1521 1030 1586 Deos
1072 1541 1208 1589 esse
1249 1538 1476 1607 negat,
1519 1522 1748 1606 positis
1786 1539 1913 1588 ter-

17 1635 220 1701 n‘mis
251 1681 276 1716 ,
312 1654 659 1701 sermonem
696 1638 819 1719 jam
869 1637 1331 1721 relinquamus3
1373 1654 1523 1705 sunt
1569 1654 1770 1706 autem
1815 1638 1909 1705 illi

17 1754 445 1838 uniusmodi,
511 1768 580 1819 ut
621 1754 720 1819 vel
761 1754 1019 1833 doceat,
1083 1774 1202 1821 nos
1245 1774 1375 1820 non
1419 1772 1583 1822 recte
1621 1754 1908 1838 opinari,
1953 1756 1976 1799 ·'

17 1889 167 1936 :um
224 1874 500 1936 animum
533 1869 796 1965 dicimus
832 1890 975 1953 prae
1005 1872 1261 1938 caeteris
1301 1872 1594 1939 omnibus
1631 1873 1901 1956 primum

17 1982 399 2066 :xstitisse‚
434 1966 718 2071 quaeque
753 2008 787 2054 a
815 1989 999 2054 nobis
1032 1991 1681 2072 consequenter-dicta
1715 2004 1904 2070 sunt,

17 2121 169 2167 vera
217 2120 357 2167 non
398 2122 574 2184 esse,
645 2107 789 2185 vel,
856 2105 913 2171 si
971 2106 1127 2171 nihil
1174 2107 1442 2187 melius,
1509 2127 1690 2190 quam
1745 2125 1907 2187 nos,

17 2217 235 2283 dicere
286 2232 542 2300 potest,
589 2218 774 2284 nobis
815 2221 1059 2301 credat,
1103 2237 1291 2303 atque
1342 2221 1428 2287 ita
1477 2222 1540 2287 in
1583 2236 1903 2305 posterum

17 2336 254 2415 vivat,
306 2350 378 2399 ut
419 2336 495 2400 de
539 2335 677 2401 Diis
721 2353 847 2402 non
889 2336 1183 2421 ambigat.
1207 2337 1288 2404 (¹)

112 2453 211 2519 Et
263 2453 412 2518 hinc
478 2452 723 2534 quidem
776 2453 999 2518 ducere
1054 2454 1359 2519 continuo
1419 2455 1595 2522 Plato
1651 2452 1906 2538 potuit,

24 2570 213 2650 quod
258 2568 397 2635 aliis
438 2586 659 2651 negare
704 2570 1026 2652 placebat,
1072 2591 1208 2636 esse
1249 2572 1696 2653 providentiam
1742 2573 1909 2638 Deoa

28 2705 220 2767 rum,
269 2704 510 2767 eosque
546 2705 644 2751 res
694 2684 977 2751 minimas
1017 2705 1146 2751 non
1190 2687 1443 2763 minus‘,
1487 2707 1669 2768 quam
1715 2685 1912 2751 maxi·

40 2822 210 2883 mas,
255 2820 496 2868 curare.
631 2802 751 2869 Sed
813 2803 911 2867 his
966 2801 1110 2867 item
1174 2803 1534 2868 hominibus
1593 2803 1907 2868 meliorem

40 2918 415 2985 sententiam
459 2919 867 2999 persuadere,
911 2937 1097 3000 quam
1137 2933 1483 2984 monstrare
1517 2932 1578 2983 et
1613 2917 1913 3001 probare,

48 3037 333 3103 malebat.
440 3035 541 3102 Sic
592 3036 781 3118 igitur
836 3054 1029 3118 porro
1083 3035 1488 3102 Atheniensis
1541 3037 1666 3101 ille.
1779 3036 1913 3102 Ad-

48 3170 266 3216 versus
322 3152 483 3217 istos
540 3151 721 3217 finem
772 3153 892 3235 jam
958 3153 1176 3218 habeat
1234 3152 1584 3235 disputatio
1652 3168 1909 3218 nostra:

55 3267 161 3348 qui
215 3284 418 3335 autem
469 3287 606 3333 esse
662 3268 908 3350 quidem
976 3252 1151 3336 Deos
1218 3268 1567 3346 existimat,
1614 3269 1723 3333 sed
1783 3285 1911 3335 non

58 3403 267 3451 curare
313 3404 412 3451 res
456 3386 794 3465 humanas,
862 3386 1006 3450 huic
1056 3385 1147 3449 sic
1191 3386 1684 3467 persuadeamus.
1801 3383 1910 3452 Ὦ

67 3504 227 3586 &paea
274 3510 344 3585 δὴ
369 3551 392 3583 ,
435 3512 683 3589 Φῶμεν,
741 3506 831 3575 ὅτι
881 3509 992 3586 μὲν
1034 3509 1153 3587 ἦνῆ
1197 3508 1387 3579 θεοὺς,
1456 3502 1782 3581 συγγένειά
1820 3527 1912 3576 τις

69 3620 199 3696 ἴσως
244 3627 311 3690 σὲ
353 3625 478 3691 θεία
520 3626 659 3704 πρὸς
716 3626 784 3690 τὸ
829 3624 1140 3704 ξύμφυτον
1197 3620 1339 3700 ἄγει
1373 3627 1556 3703 τιμᾷν
1599 3619 1700 3684 καὶ
1754 3620 1917 3698 νομί·

73 3737 181 3817 ζειν
214 3735 383 3805 εἶναι.
471 3737 772 3802 Virorum
807 3738 1066 3822 optimc,
1098 3732 1377 3798 dicamus
1396 3779 1420 3813 ‚
1457 3747 1700 3797 namra
1730 3752 1918 3815 quac·

73 3848 207 3915 dam
245 3851 569 3920 divinitati
610 3866 879 3937 cognata
924 3849 1016 3915 ad
1054 3870 1181 3915 rem
1224 3852 1341 3915 tibi
1381 3849 1767 3934 conjunctam
1813 3848 1918 3929 as·

1679 3954 1692 3967 ,
1796 3962 1920 4045 ᾖν.

142 4102 223 4168 (1)
264 4108 346 4159 De
373 4107 542 4177 [aegg-
580 4104 656 4159 Χ.
692 4106 794 4176 899
816 4105 883 4160 C.

986 4207 1030 4272 P
