<?xml version="1.0" encoding="UTF-8"?>
<!DOCTYPE html PUBLIC "-//W3C//DTD XHTML 1.0 Transitional//EN"
    "http://www.w3.org/TR/xhtml1/DTD/xhtml1-transitional.dtd">
<html xmlns="http://www.w3.org/1999/xhtml" xml:lang="en" lang="en">
 <head>
  <title>
</title>
<meta http-equiv="Content-Type" content="text/html;charset=utf-8" />
  <meta name='ocr-system' content='tesseract 3.04.00' />
  <meta name='ocr-capabilities' content='ocr_page ocr_carea ocr_par ocr_line ocrx_word'/>
</head>
<body>
  <div class='ocr_page' id='page_1' title='image "./initiaphilosoph05heusgoog_0550.png"; bbox 0 0 2792 5167; ppageno 0'>
   <div class='ocr_carea' id='block_1_1' title="bbox 1002 523 1409 589">
    <p class='ocr_par' dir='ltr' id='par_1_1' title="bbox 1002 523 1409 589">
     <span class='ocr_line' id='line_1_1' title="bbox 1002 523 1409 589; baseline 0.005 -31"><span class='ocrx_word' id='word_1_1' title='bbox 1002 523 1409 589; x_wconf 55' lang='lat'>...149-</span> 
     </span>
    </p>
   </div>
   <div class='ocr_carea' id='block_1_2' title="bbox 146 686 2202 2519">
    <p class='ocr_par' dir='ltr' id='par_1_2' title="bbox 146 686 2202 2519">
     <span class='ocr_line' id='line_1_2' title="bbox 258 686 2202 773; baseline 0.001 -13"><span class='ocrx_word' id='word_1_2' title='bbox 258 690 338 760; x_wconf 69' lang='lat' dir='ltr'>ad</span> <span class='ocrx_word' id='word_1_3' title='bbox 392 686 836 759; x_wconf 83' lang='lat' dir='ltr'>inveniendum</span> <span class='ocrx_word' id='word_1_4' title='bbox 894 688 1064 773; x_wconf 80' lang='lat' dir='ltr'>quod</span> <span class='ocrx_word' id='word_1_5' title='bbox 1111 688 1524 773; x_wconf 76' lang='lat' dir='ltr'>quaerebatur</span> <span class='ocrx_word' id='word_1_6' title='bbox 1549 735 1575 772; x_wconf 86' lang='lat'>‚</span> <span class='ocrx_word' id='word_1_7' title='bbox 1630 690 2113 761; x_wconf 73' lang='lat' dir='ltr'>accommodati.</span> <span class='ocrx_word' id='word_1_8' title='bbox 2197 752 2202 761; x_wconf 83' lang='lat'>.</span> 
     </span>
     <span class='ocr_line' id='line_1_3' title="bbox 254 802 2121 888; baseline -0.001 -11"><span class='ocrx_word' id='word_1_9' title='bbox 254 805 473 877; x_wconf 69' lang='lat' dir='ltr'>Abusi</span> <span class='ocrx_word' id='word_1_10' title='bbox 554 820 703 872; x_wconf 88' lang='lat' dir='ltr'>sunt</span> <span class='ocrx_word' id='word_1_11' title='bbox 766 805 841 872; x_wconf 70' lang='lat' dir='ltr'>ea</span> <span class='ocrx_word' id='word_1_12' title='bbox 931 820 1055 877; x_wconf 89' lang='lat' dir='ltr'>tam</span> <span class='ocrx_word' id='word_1_13' title='bbox 1117 802 1407 888; x_wconf 89' lang='lat' dir='ltr'>antiqui,</span> <span class='ocrx_word' id='word_1_14' title='bbox 1491 814 1698 884; x_wconf 79' lang='lat' dir='ltr'>quam·</span> <span class='ocrx_word' id='word_1_15' title='bbox 1758 806 2121 876; x_wconf 79' lang='lat' dir='ltr'>recentioris</span> 
     </span>
     <span class='ocr_line' id='line_1_4' title="bbox 256 918 2124 1007; baseline -0.001 -16"><span class='ocrx_word' id='word_1_16' title='bbox 256 922 399 991; x_wconf 83' lang='lat' dir='ltr'>aevi</span> <span class='ocrx_word' id='word_1_17' title='bbox 446 923 855 1007; x_wconf 88' lang='lat' dir='ltr'>philosophi,</span> <span class='ocrx_word' id='word_1_18' title='bbox 896 938 960 991; x_wconf 83' lang='lat' dir='ltr'>et</span> <span class='ocrx_word' id='word_1_19' title='bbox 1012 928 1177 990; x_wconf 84' lang='lat' dir='ltr'>vero&#39;</span> <span class='ocrx_word' id='word_1_20' title='bbox 1207 920 1300 988; x_wconf 86' lang='lat' dir='ltr'>sic</span> <span class='ocrx_word' id='word_1_21' title='bbox 1342 933 1495 987; x_wconf 85' lang='lat' dir='ltr'>sunt</span> <span class='ocrx_word' id='word_1_22' title='bbox 1547 918 1782 1001; x_wconf 86' lang='lat' dir='ltr'>abusi,</span> <span class='ocrx_word' id='word_1_23' title='bbox 1824 930 1948 1004; x_wconf 78' lang='lat' dir='ltr'>ut&#39;,</span> <span class='ocrx_word' id='word_1_24' title='bbox 1991 926 2124 1006; x_wconf 71' lang='lat' dir='ltr'>qua</span> 
     </span>
     <span class='ocr_line' id='line_1_5' title="bbox 256 1035 2117 1122; baseline 0 -17"><span class='ocrx_word' id='word_1_25' title='bbox 256 1038 585 1122; x_wconf 68' lang='lat' dir='ltr'>disciplina</span> <span class='ocrx_word' id='word_1_26' title='bbox 620 1040 849 1106; x_wconf 73' lang='lat' dir='ltr'>‘nulla&#39;</span> <span class='ocrx_word' id='word_1_27' title='bbox 892 1052 1061 1107; x_wconf 89' lang='lat' dir='ltr'>esset</span> <span class='ocrx_word' id='word_1_28' title='bbox 1114 1040 1191 1107; x_wconf 83' lang='lat' dir='ltr'>ad</span> <span class='ocrx_word' id='word_1_29' title='bbox 1256 1035 1579 1105; x_wconf 84' lang='lat' dir='ltr'>excitanda</span> <span class='ocrx_word' id='word_1_30' title='bbox 1642 1036 1890 1121; x_wconf 84' lang='lat' dir='ltr'>ingenia</span> <span class='ocrx_word' id='word_1_31' title='bbox 1938 1056 2117 1120; x_wconf 79' lang='lat' dir='ltr'>repe-</span> 
     </span>
     <span class='ocr_line' id='line_1_6' title="bbox 251 1152 2122 1241; baseline 0 -20"><span class='ocrx_word' id='word_1_32' title='bbox 251 1153 654 1241; x_wconf 84' lang='lat' dir='ltr'>riendamque</span> <span class='ocrx_word' id='word_1_33' title='bbox 709 1153 1027 1222; x_wconf 84' lang='lat' dir='ltr'>veritatem</span> <span class='ocrx_word' id='word_1_34' title='bbox 1072 1153 1284 1238; x_wconf 85' lang='lat' dir='ltr'>aptior</span> <span class='ocrx_word' id='word_1_35' title='bbox 1304 1198 1330 1235; x_wconf 86' lang='lat'><strong>,</strong></span> <span class='ocrx_word' id='word_1_36' title='bbox 1392 1153 1608 1221; x_wconf 70' lang='lat' dir='ltr'>eadem</span> <span class='ocrx_word' id='word_1_37' title='bbox 1650 1154 1822 1220; x_wconf 87' lang='lat' dir='ltr'>nulla</span> <span class='ocrx_word' id='word_1_38' title='bbox 1877 1152 2122 1222; x_wconf 84' lang='lat' dir='ltr'>videre-</span> 
     </span>
     <span class='ocr_line' id='line_1_7' title="bbox 146 1269 2118 1356; baseline 0.001 -20"><span class='ocrx_word' id='word_1_39' title='bbox 146 1329 153 1335; x_wconf 93' lang='lat'><em>.</em></span> <span class='ocrx_word' id='word_1_40' title='bbox 250 1283 357 1337; x_wconf 86' lang='lat' dir='ltr'>tur</span> <span class='ocrx_word' id='word_1_41' title='bbox 394 1271 518 1355; x_wconf 85' lang='lat' dir='ltr'>ipsi</span> <span class='ocrx_word' id='word_1_42' title='bbox 558 1270 996 1356; x_wconf 79' lang='lat' dir='ltr'>philosophiae</span> <span class='ocrx_word' id='word_1_43' title='bbox 1015 1319 1041 1353; x_wconf 91' lang='lat'><strong>‚</strong></span> <span class='ocrx_word' id='word_1_44' title='bbox 1086 1269 1132 1338; x_wconf 89' lang='lat' dir='ltr'>i.</span> <span class='ocrx_word' id='word_1_45' title='bbox 1175 1288 1236 1338; x_wconf 46' lang='lat' dir='ltr'>ea</span> <span class='ocrx_word' id='word_1_46' title='bbox 1272 1269 1863 1354; x_wconf 66' lang='lat' dir='ltr'>sapienciaestudio</span> <span class='ocrx_word' id='word_1_47' title='bbox 1892 1317 1916 1352; x_wconf 90' lang='lat'><strong>,</strong></span> <span class='ocrx_word' id='word_1_48' title='bbox 1959 1289 2118 1353; x_wconf 60' lang='lat' dir='ltr'>cong-</span> 
     </span>
     <span class='ocr_line' id='line_1_8' title="bbox 243 1386 2109 1475; baseline 0 -21"><span class='ocrx_word' id='word_1_49' title='bbox 243 1387 431 1461; x_wconf 81' lang='lat' dir='ltr'>traria</span> <span class='ocrx_word' id='word_1_50' title='bbox 507 1387 731 1475; x_wconf 86' lang='lat' dir='ltr'>magis.</span> <span class='ocrx_word' id='word_1_51' title='bbox 859 1387 1027 1454; x_wconf 90' lang='lat' dir='ltr'>Nam</span> <span class='ocrx_word' id='word_1_52' title='bbox 1097 1386 1177 1453; x_wconf 88' lang='lat' dir='ltr'>ad</span> <span class='ocrx_word' id='word_1_53' title='bbox 1228 1388 1431 1453; x_wconf 86' lang='lat' dir='ltr'>nullas</span> <span class='ocrx_word' id='word_1_54' title='bbox 1518 1403 1655 1451; x_wconf 90' lang='lat' dir='ltr'>non</span> <span class='ocrx_word' id='word_1_55' title='bbox 1712 1386 2057 1469; x_wconf 81' lang='lat' dir='ltr'>opiniones</span> <span class='ocrx_word' id='word_1_56' title='bbox 2080 1434 2109 1467; x_wconf 88' lang='lat'>‚</span> 
     </span>
     <span class='ocr_line' id='line_1_9' title="bbox 239 1501 2114 1588; baseline 0.001 -18"><span class='ocrx_word' id='word_1_57' title='bbox 239 1503 537 1587; x_wconf 66' lang='lat' dir='ltr'>quamvis</span> <span class='ocrx_word' id='word_1_58' title='bbox 594 1505 782 1571; x_wconf 88' lang='lat' dir='ltr'>etiam</span> <span class='ocrx_word' id='word_1_59' title='bbox 833 1519 898 1570; x_wconf 89' lang='lat' dir='ltr'>et</span> <span class='ocrx_word' id='word_1_60' title='bbox 953 1502 1256 1569; x_wconf 84' lang='lat' dir='ltr'>absurdas</span> <span class='ocrx_word' id='word_1_61' title='bbox 1323 1518 1389 1569; x_wconf 92' lang='lat' dir='ltr'>et</span> <span class='ocrx_word' id='word_1_62' title='bbox 1446 1501 1696 1569; x_wconf 84' lang='lat' dir='ltr'>veritati</span> <span class='ocrx_word' id='word_1_63' title='bbox 1763 1508 2114 1588; x_wconf 82' lang='lat' dir='ltr'>repugnan-</span> 
     </span>
     <span class='ocr_line' id='line_1_10' title="bbox 240 1617 2120 1705; baseline -0.002 -17"><span class='ocrx_word' id='word_1_64' title='bbox 240 1634 348 1688; x_wconf 62' lang='grc' dir='ltr'>ωε</span> <span class='ocrx_word' id='word_1_65' title='bbox 368 1665 394 1702; x_wconf 86' lang='grc'><em>,</em></span> <span class='ocrx_word' id='word_1_66' title='bbox 439 1619 947 1705; x_wconf 78' lang='lat' dir='ltr'>syllogismorum</span> <span class='ocrx_word' id='word_1_67' title='bbox 1012 1617 1075 1684; x_wconf 76' lang='lat' dir='ltr'>vi</span> <span class='ocrx_word' id='word_1_68' title='bbox 1119 1633 1182 1686; x_wconf 90' lang='lat' dir='ltr'>et</span> <span class='ocrx_word' id='word_1_69' title='bbox 1217 1618 1586 1685; x_wconf 71' lang='lat' dir='ltr'>auctoritate</span> <span class='ocrx_word' id='word_1_70' title='bbox 1627 1620 1885 1686; x_wconf 84' lang='lat' dir='ltr'>tuendas</span> <span class='ocrx_word' id='word_1_71' title='bbox 1926 1638 2120 1685; x_wconf 86' lang='lat' dir='ltr'>usur·</span> 
     </span>
     <span class='ocr_line' id='line_1_11' title="bbox 244 1733 2117 1823; baseline -0.005 -19"><span class='ocrx_word' id='word_1_72' title='bbox 244 1752 392 1823; x_wconf 85' lang='lat' dir='ltr'>pata</span> <span class='ocrx_word' id='word_1_73' title='bbox 439 1751 563 1803; x_wconf 85' lang='lat' dir='ltr'>est.</span> <span class='ocrx_word' id='word_1_74' title='bbox 648 1736 1073 1803; x_wconf 74' lang='lat' dir='ltr'>Veruntamen</span> <span class='ocrx_word' id='word_1_75' title='bbox 1116 1734 1254 1820; x_wconf 87' lang='lat' dir='ltr'>ipsa</span> <span class='ocrx_word' id='word_1_76' title='bbox 1308 1734 1644 1802; x_wconf 77' lang='lat' dir='ltr'>methodus</span> <span class='ocrx_word' id='word_1_77' title='bbox 1665 1781 1690 1817; x_wconf 90' lang='lat'><strong>,</strong></span> <span class='ocrx_word' id='word_1_78' title='bbox 1733 1748 1808 1802; x_wconf 90' lang='lat' dir='ltr'>ut</span> <span class='ocrx_word' id='word_1_79' title='bbox 1858 1733 2117 1819; x_wconf 75' lang='lat' dir='ltr'>exposi-</span> 
     </span>
     <span class='ocr_line' id='line_1_12' title="bbox 237 1825 2113 1935; baseline 0 -16"><span class='ocrx_word' id='word_1_80' title='bbox 237 1856 311 1919; x_wconf 76' lang='lat' dir='ltr'>t‘a</span> <span class='ocrx_word' id='word_1_81' title='bbox 363 1852 446 1919; x_wconf 68' lang='lat' dir='ltr'>ab</span> <span class='ocrx_word' id='word_1_82' title='bbox 496 1850 848 1920; x_wconf 79' lang='lat' dir='ltr'>Aristotele</span> <span class='ocrx_word' id='word_1_83' title='bbox 880 1849 1083 1920; x_wconf 87' lang='lat' dir='ltr'>fuerat</span> <span class='ocrx_word' id='word_1_84' title='bbox 1104 1898 1129 1934; x_wconf 90' lang='lat'><strong>,</strong></span> <span class='ocrx_word' id='word_1_85' title='bbox 1152 1825 1301 1918; x_wconf 61' lang='lat' dir='ltr'>&#39;non</span> <span class='ocrx_word' id='word_1_86' title='bbox 1362 1849 1570 1918; x_wconf 83' lang='lat' dir='ltr'>minus</span> <span class='ocrx_word' id='word_1_87' title='bbox 1592 1898 1620 1934; x_wconf 88' lang='lat'><strong>,</strong></span> <span class='ocrx_word' id='word_1_88' title='bbox 1661 1870 1846 1935; x_wconf 87' lang='lat' dir='ltr'>quam</span> <span class='ocrx_word' id='word_1_89' title='bbox 1889 1852 2113 1920; x_wconf 86' lang='lat' dir='ltr'>induc·</span> 
     </span>
     <span class='ocr_line' id='line_1_13' title="bbox 234 1958 2118 2065; baseline -0.002 -26"><span class='ocrx_word' id='word_1_90' title='bbox 234 1968 352 2062; x_wconf 55' lang='lat' dir='ltr'>tio,</span> <span class='ocrx_word' id='word_1_91' title='bbox 384 1982 451 2035; x_wconf 88' lang='lat' dir='ltr'>et</span> <span class='ocrx_word' id='word_1_92' title='bbox 516 1958 836 2054; x_wconf 61' lang='lat' dir='ltr'>analysisg</span> <span class='ocrx_word' id='word_1_93' title='bbox 900 1982 1158 2065; x_wconf 83' lang='lat' dir='ltr'>naturae</span> <span class='ocrx_word' id='word_1_94' title='bbox 1217 1983 1346 2036; x_wconf 90' lang='lat' dir='ltr'>erat</span> <span class='ocrx_word' id='word_1_95' title='bbox 1406 1982 1824 2036; x_wconf 85' lang='lat' dir='ltr'>consentanea</span> <span class='ocrx_word' id='word_1_96' title='bbox 1839 2016 1869 2051; x_wconf 90' lang='lat'>‚</span> <span class='ocrx_word' id='word_1_97' title='bbox 1914 1984 2118 2037; x_wconf 76' lang='lat' dir='ltr'>recte·</span> 
     </span>
     <span class='ocr_line' id='line_1_14' title="bbox 235 2083 2100 2179; baseline -0.001 -26"><span class='ocrx_word' id='word_1_98' title='bbox 235 2104 373 2179; x_wconf 79' lang='lat' dir='ltr'>que</span> <span class='ocrx_word' id='word_1_99' title='bbox 398 2084 677 2154; x_wconf 77' lang='lat' dir='ltr'>adhibita</span> <span class='ocrx_word' id='word_1_100' title='bbox 717 2083 984 2171; x_wconf 84' lang='lat' dir='ltr'>ingeniis</span> <span class='ocrx_word' id='word_1_101' title='bbox 1014 2085 1319 2168; x_wconf 78' lang='lat' dir='ltr'>juvenum</span> <span class='ocrx_word' id='word_1_102' title='bbox 1345 2127 1374 2161; x_wconf 87' lang='lat'>‚</span> <span class='ocrx_word' id='word_1_103' title='bbox 1417 2083 1501 2147; x_wconf 89' lang='lat' dir='ltr'>ad</span> <span class='ocrx_word' id='word_1_104' title='bbox 1535 2083 1840 2150; x_wconf 71' lang='lat' dir='ltr'>firmanda</span> <span class='ocrx_word' id='word_1_105' title='bbox 1870 2084 1981 2152; x_wconf 77' lang='lat' dir='ltr'>illa</span> <span class='ocrx_word' id='word_1_106' title='bbox 2032 2099 2100 2152; x_wconf 87' lang='lat' dir='ltr'>ct</span> 
     </span>
     <span class='ocr_line' id='line_1_15' title="bbox 238 2198 2099 2285; baseline -0.001 -19"><span class='ocrx_word' id='word_1_107' title='bbox 238 2201 704 2267; x_wconf 86' lang='lat' dir='ltr'>corroboranda</span> <span class='ocrx_word' id='word_1_108' title='bbox 730 2244 754 2280; x_wconf 90' lang='lat'><strong>,</strong></span> <span class='ocrx_word' id='word_1_109' title='bbox 797 2198 928 2264; x_wconf 92' lang='lat' dir='ltr'>imo</span> <span class='ocrx_word' id='word_1_110' title='bbox 969 2216 1124 2265; x_wconf 75' lang='lat' dir='ltr'>veno</span> <span class='ocrx_word' id='word_1_111' title='bbox 1178 2198 1259 2263; x_wconf 86' lang='lat' dir='ltr'>ad</span> <span class='ocrx_word' id='word_1_112' title='bbox 1310 2198 1635 2266; x_wconf 74' lang='lat' dir='ltr'>veritam</span> <span class='ocrx_word' id='word_1_113' title='bbox 1690 2217 2099 2285; x_wconf 84' lang='lat' dir='ltr'>propugnan-</span> 
     </span>
     <span class='ocr_line' id='line_1_16' title="bbox 236 2313 2099 2399; baseline 0.001 -18"><span class='ocrx_word' id='word_1_114' title='bbox 236 2315 385 2399; x_wconf 80' lang='lat' dir='ltr'>dam</span> <span class='ocrx_word' id='word_1_115' title='bbox 452 2313 697 2382; x_wconf 85' lang='lat' dir='ltr'>naviter</span> <span class='ocrx_word' id='word_1_116' title='bbox 766 2328 959 2397; x_wconf 88' lang='lat' dir='ltr'>atque</span> <span class='ocrx_word' id='word_1_117' title='bbox 1046 2315 1130 2383; x_wconf 88' lang='lat' dir='ltr'>ab</span> <span class='ocrx_word' id='word_1_118' title='bbox 1207 2314 1499 2384; x_wconf 83' lang='lat' dir='ltr'>inanibus</span> <span class='ocrx_word' id='word_1_119' title='bbox 1595 2315 2099 2391; x_wconf 80' lang='lat' dir='ltr'>cavillationibus</span> 
     </span>
     <span class='ocr_line' id='line_1_17' title="bbox 231 2431 2103 2519; baseline 0.001 -19"><span class='ocrx_word' id='word_1_120' title='bbox 231 2431 528 2500; x_wconf 82' lang='lat' dir='ltr'>tuendam</span> <span class='ocrx_word' id='word_1_121' title='bbox 597 2431 838 2498; x_wconf 86' lang='lat' dir='ltr'>valebat</span> <span class='ocrx_word' id='word_1_122' title='bbox 898 2432 1170 2516; x_wconf 75' lang='lat' dir='ltr'>egregie.</span> <span class='ocrx_word' id='word_1_123' title='bbox 1256 2432 1610 2518; x_wconf 86' lang='lat' dir='ltr'>Attigimus</span> <span class='ocrx_word' id='word_1_124' title='bbox 1652 2434 1801 2501; x_wconf 86' lang='lat' dir='ltr'>haec</span> <span class='ocrx_word' id='word_1_125' title='bbox 1858 2438 2050 2519; x_wconf 75' lang='lat' dir='ltr'>supra</span> <span class='ocrx_word' id='word_1_126' title='bbox 2073 2480 2103 2518; x_wconf 77' lang='lat'><strong>,</strong></span> 
     </span>
    </p>
   </div>
   <div class='ocr_carea' id='block_1_3' title="bbox 230 2547 2098 2737">
    <p class='ocr_par' dir='ltr' id='par_1_3' title="bbox 230 2547 2098 2737">
     <span class='ocr_line' id='line_1_18' title="bbox 230 2547 2098 2630; baseline 0.002 -13"><span class='ocrx_word' id='word_1_127' title='bbox 230 2567 433 2630; x_wconf 85' lang='lat' dir='ltr'>quum</span> <span class='ocrx_word' id='word_1_128' title='bbox 455 2593 481 2629; x_wconf 84' lang='lat'>‚</span> <span class='ocrx_word' id='word_1_129' title='bbox 522 2547 818 2630; x_wconf 78' lang='lat' dir='ltr'>apposita</span> <span class='ocrx_word' id='word_1_130' title='bbox 875 2547 1272 2629; x_wconf 71' lang='lat' dir='ltr'>syllogistica</span> <span class='ocrx_word' id='word_1_131' title='bbox 1293 2593 1318 2627; x_wconf 88' lang='lat'>‚</span> <span class='ocrx_word' id='word_1_132' title='bbox 1360 2551 1670 2615; x_wconf 84' lang='lat' dir='ltr'>declarare</span> <span class='ocrx_word' id='word_1_133' title='bbox 1717 2552 2098 2620; x_wconf 81' lang='lat' dir='ltr'>Socraticam</span> 
     </span>
     <span class='ocr_line' id='line_1_19' title="bbox 230 2651 2097 2737; baseline -0.004 -13"><span class='ocrx_word' id='word_1_134' title='bbox 230 2653 663 2724; x_wconf 83' lang='lat' dir='ltr'>inductionem</span> <span class='ocrx_word' id='word_1_135' title='bbox 727 2668 1142 2718; x_wconf 85' lang='lat' dir='ltr'>conaremur:</span> <span class='ocrx_word' id='word_1_136' title='bbox 1229 2668 1344 2717; x_wconf 86' lang='lat' dir='ltr'>nec</span> <span class='ocrx_word' id='word_1_137' title='bbox 1403 2651 1593 2737; x_wconf 87' lang='lat' dir='ltr'>hujus</span> <span class='ocrx_word' id='word_1_138' title='bbox 1651 2667 1749 2720; x_wconf 87' lang='lat' dir='ltr'>est</span> <span class='ocrx_word' id='word_1_139' title='bbox 1814 2656 1982 2737; x_wconf 88' lang='lat' dir='ltr'>loci·,</span> <span class='ocrx_word' id='word_1_140' title='bbox 2024 2674 2097 2722; x_wconf 78' lang='lat' dir='ltr'>ea</span> 
     </span>
    </p>
   </div>
   <div class='ocr_carea' id='block_1_4' title="bbox 218 2766 2101 4243">
    <p class='ocr_par' dir='ltr' id='par_1_4' title="bbox 221 2766 2101 3309">
     <span class='ocr_line' id='line_1_20' title="bbox 230 2766 2092 2859; baseline -0.001 -20"><span class='ocrx_word' id='word_1_141' title='bbox 230 2790 432 2859; x_wconf 79' lang='lat' dir='ltr'>porro</span> <span class='ocrx_word' id='word_1_142' title='bbox 469 2768 794 2854; x_wconf 73' lang='lat' dir='ltr'>persequi.</span> <span class='ocrx_word' id='word_1_143' title='bbox 882 2767 1009 2836; x_wconf 88' lang='lat' dir='ltr'>Sed</span> <span class='ocrx_word' id='word_1_144' title='bbox 1030 2814 1055 2849; x_wconf 90' lang='lat'>‚</span> <span class='ocrx_word' id='word_1_145' title='bbox 1099 2766 1394 2852; x_wconf 71' lang='lat' dir='ltr'>explicita</span> <span class='ocrx_word' id='word_1_146' title='bbox 1432 2768 1672 2852; x_wconf 87' lang='lat' dir='ltr'>analysi</span> <span class='ocrx_word' id='word_1_147' title='bbox 1728 2769 2041 2837; x_wconf 85' lang='lat' dir='ltr'>Platonica</span> <span class='ocrx_word' id='word_1_148' title='bbox 2066 2817 2092 2851; x_wconf 88' lang='lat'>,</span> 
     </span>
     <span class='ocr_line' id='line_1_21' title="bbox 232 2881 2094 2971; baseline 0.001 -16"><span class='ocrx_word' id='word_1_149' title='bbox 232 2887 567 2971; x_wconf 80' lang='lat' dir='ltr'>exquirere</span> <span class='ocrx_word' id='word_1_150' title='bbox 633 2903 801 2952; x_wconf 88' lang='lat' dir='ltr'>nunc</span> <span class='ocrx_word' id='word_1_151' title='bbox 857 2884 1037 2970; x_wconf 86' lang='lat' dir='ltr'>juvat</span> <span class='ocrx_word' id='word_1_152' title='bbox 1054 2929 1080 2966; x_wconf 88' lang='lat'>‚</span> <span class='ocrx_word' id='word_1_153' title='bbox 1168 2881 1323 2966; x_wconf 86' lang='lat' dir='ltr'>quid</span> <span class='ocrx_word' id='word_1_154' title='bbox 1387 2882 1633 2950; x_wconf 86' lang='lat' dir='ltr'>Platoni</span> <span class='ocrx_word' id='word_1_155' title='bbox 1709 2885 2094 2956; x_wconf 78' lang='lat' dir='ltr'>Aristotelea</span> 
     </span>
     <span class='ocr_line' id='line_1_22' title="bbox 228 2996 2101 3082; baseline -0.001 -10"><span class='ocrx_word' id='word_1_156' title='bbox 228 3021 381 3073; x_wconf 88' lang='lat' dir='ltr'>cum</span> <span class='ocrx_word' id='word_1_157' title='bbox 435 3001 749 3068; x_wconf 83' lang='lat' dir='ltr'>universe·</span> <span class='ocrx_word' id='word_1_158' title='bbox 776 2998 854 3064; x_wconf 91' lang='lat' dir='ltr'>ad</span> <span class='ocrx_word' id='word_1_159' title='bbox 898 2996 1264 3065; x_wconf 87' lang='lat' dir='ltr'>tractandam</span> <span class='ocrx_word' id='word_1_160' title='bbox 1321 2997 1700 3066; x_wconf 83' lang='lat' dir='ltr'>dialecticam</span> <span class='ocrx_word' id='word_1_161' title='bbox 1723 3046 1750 3082; x_wconf 90' lang='lat'><strong><em>‚</em></strong></span> <span class='ocrx_word' id='word_1_162' title='bbox 1809 3014 1942 3067; x_wconf 88' lang='lat' dir='ltr'>tum</span> <span class='ocrx_word' id='word_1_163' title='bbox 1987 3016 2101 3071; x_wconf 70' lang='lat' dir='ltr'>vd-</span> 
     </span>
     <span class='ocr_line' id='line_1_23' title="bbox 229 3114 2094 3201; baseline -0.003 -11"><span class='ocrx_word' id='word_1_164' title='bbox 229 3139 309 3190; x_wconf 88' lang='lat' dir='ltr'>ro</span> <span class='ocrx_word' id='word_1_165' title='bbox 374 3118 561 3188; x_wconf 80' lang='lat' dir='ltr'>etiam</span> <span class='ocrx_word' id='word_1_166' title='bbox 616 3119 702 3185; x_wconf 84' lang='lat' dir='ltr'>ad</span> <span class='ocrx_word' id='word_1_167' title='bbox 760 3115 916 3183; x_wconf 87' lang='lat' dir='ltr'>hanc</span> <span class='ocrx_word' id='word_1_168' title='bbox 981 3114 1180 3199; x_wconf 81' lang='lat' dir='ltr'>ipsam</span> <span class='ocrx_word' id='word_1_169' title='bbox 1241 3115 1704 3198; x_wconf 75' lang='lat' dir='ltr'>explanandam.</span> <span class='ocrx_word' id='word_1_170' title='bbox 1741 3117 2094 3201; x_wconf 71' lang='lat' dir='ltr'>syllogisti-</span> 
     </span>
     <span class='ocr_line' id='line_1_24' title="bbox 221 3230 1425 3309; baseline -0.009 0"><span class='ocrx_word' id='word_1_171' title='bbox 221 3252 363 3309; x_wconf 78' lang='lat' dir='ltr'>cam</span> <span class='ocrx_word' id='word_1_172' title='bbox 423 3237 727 3304; x_wconf 87' lang='lat' dir='ltr'>rationem</span> <span class='ocrx_word' id='word_1_173' title='bbox 777 3233 1073 3301; x_wconf 78' lang='lat' dir='ltr'>debuisse</span> <span class='ocrx_word' id='word_1_174' title='bbox 1117 3230 1425 3299; x_wconf 88' lang='lat' dir='ltr'>videatur.</span> 
     </span>
    </p>

    <p class='ocr_par' dir='ltr' id='par_1_5' title="bbox 218 3348 2094 4138">
     <span class='ocr_line' id='line_1_25' title="bbox 313 3348 2094 3432; baseline -0.003 -7"><span class='ocrx_word' id='word_1_175' title='bbox 313 3354 549 3425; x_wconf 79' lang='lat' dir='ltr'>Ubivis</span> <span class='ocrx_word' id='word_1_176' title='bbox 602 3352 977 3421; x_wconf 84' lang='lat' dir='ltr'>Aristoteles</span> <span class='ocrx_word' id='word_1_177' title='bbox 1043 3350 1108 3417; x_wconf 87' lang='lat' dir='ltr'>in</span> <span class='ocrx_word' id='word_1_178' title='bbox 1170 3348 1425 3432; x_wconf 83' lang='lat' dir='ltr'>scriptis</span> <span class='ocrx_word' id='word_1_179' title='bbox 1483 3348 1618 3416; x_wconf 85' lang='lat' dir='ltr'>suis</span> <span class='ocrx_word' id='word_1_180' title='bbox 1681 3348 1913 3416; x_wconf 86' lang='lat' dir='ltr'>refutat</span> <span class='ocrx_word' id='word_1_181' title='bbox 1951 3350 2094 3419; x_wconf 82' lang='lat' dir='ltr'>Pla-</span> 
     </span>
     <span class='ocr_line' id='line_1_26' title="bbox 232 3463 2088 3538; baseline -0.001 -3"><span class='ocrx_word' id='word_1_182' title='bbox 232 3484 445 3536; x_wconf 82' lang='lat' dir='ltr'>tonem</span> <span class='ocrx_word' id='word_1_183' title='bbox 467 3492 490 3536; x_wconf 69' lang='grc' dir='ltr'><em>ε</em></span> <span class='ocrx_word' id='word_1_184' title='bbox 558 3468 723 3538; x_wconf 89' lang='lat' dir='ltr'>unde</span> <span class='ocrx_word' id='word_1_185' title='bbox 778 3467 928 3534; x_wconf 82' lang='lat' dir='ltr'>haec</span> <span class='ocrx_word' id='word_1_186' title='bbox 999 3466 1240 3533; x_wconf 83' lang='lat' dir='ltr'>exstitit</span> <span class='ocrx_word' id='word_1_187' title='bbox 1288 3467 1635 3533; x_wconf 83' lang='lat' dir='ltr'>multorum</span> <span class='ocrx_word' id='word_1_188' title='bbox 1698 3463 2088 3534; x_wconf 86' lang='lat' dir='ltr'>eruditorum</span> 
     </span>
     <span class='ocr_line' id='line_1_27' title="bbox 233 3580 2093 3672; baseline -0.003 -17"><span class='ocrx_word' id='word_1_189' title='bbox 233 3585 455 3670; x_wconf 86' lang='lat' dir='ltr'>opinio</span> <span class='ocrx_word' id='word_1_190' title='bbox 475 3631 500 3669; x_wconf 86' lang='lat'>,</span> <span class='ocrx_word' id='word_1_191' title='bbox 582 3603 721 3654; x_wconf 88' lang='lat' dir='ltr'>esse</span> <span class='ocrx_word' id='word_1_192' title='bbox 785 3587 925 3672; x_wconf 78' lang='lat' dir='ltr'>ejus</span> <span class='ocrx_word' id='word_1_193' title='bbox 1026 3583 1369 3651; x_wconf 71' lang='lat' dir='ltr'>doctrinam</span> <span class='ocrx_word' id='word_1_194' title='bbox 1451 3599 1715 3666; x_wconf 85' lang='lat' dir='ltr'>prorsus</span> <span class='ocrx_word' id='word_1_195' title='bbox 1791 3580 2093 3665; x_wconf 86' lang='lat' dir='ltr'>omnique</span> 
     </span>
     <span class='ocr_line' id='line_1_28' title="bbox 228 3687 2089 3791; baseline -0.001 -20"><span class='ocrx_word' id='word_1_196' title='bbox 228 3718 413 3789; x_wconf 80' lang='lat' dir='ltr'>parte</span> <span class='ocrx_word' id='word_1_197' title='bbox 461 3701 813 3771; x_wconf 86' lang='lat' dir='ltr'>Platonicae</span> <span class='ocrx_word' id='word_1_198' title='bbox 852 3687 1247 3768; x_wconf 82' lang='lat' dir='ltr'>contrariam.</span> <span class='ocrx_word' id='word_1_199' title='bbox 1335 3699 1490 3791; x_wconf 63' lang='lat' dir='ltr'>Qui,</span> <span class='ocrx_word' id='word_1_200' title='bbox 1510 3717 1687 3768; x_wconf 89' lang='lat' dir='ltr'>error</span> <span class='ocrx_word' id='word_1_201' title='bbox 1753 3715 1834 3765; x_wconf 90' lang='lat' dir='ltr'>eo</span> <span class='ocrx_word' id='word_1_202' title='bbox 1897 3713 1960 3765; x_wconf 85' lang='lat' dir='ltr'>et</span> <span class='ocrx_word' id='word_1_203' title='bbox 2001 3702 2089 3771; x_wconf 81' lang='lat' dir='ltr'>la-</span> 
     </span>
     <span class='ocr_line' id='line_1_29' title="bbox 232 3816 2089 3901; baseline 0.001 -15"><span class='ocrx_word' id='word_1_204' title='bbox 232 3817 360 3891; x_wconf 79' lang='lat' dir='ltr'>tins</span> <span class='ocrx_word' id='word_1_205' title='bbox 417 3819 649 3901; x_wconf 76' lang='lat' dir='ltr'>serpsit</span> <span class='ocrx_word' id='word_1_206' title='bbox 706 3833 772 3887; x_wconf 88' lang='lat' dir='ltr'>et</span> <span class='ocrx_word' id='word_1_207' title='bbox 831 3817 1096 3893; x_wconf 79' lang='lat' dir='ltr'>invaluit</span> <span class='ocrx_word' id='word_1_208' title='bbox 1152 3816 1392 3899; x_wconf 83' lang='lat' dir='ltr'>magis,</span> <span class='ocrx_word' id='word_1_209' title='bbox 1465 3833 1597 3896; x_wconf 91' lang='lat' dir='ltr'>quo</span> <span class='ocrx_word' id='word_1_210' title='bbox 1660 3816 2089 3889; x_wconf 78' lang='lat' dir='ltr'>vehementius</span> 
     </span>
     <span class='ocr_line' id='line_1_30' title="bbox 229 3931 2087 4021; baseline 0 -18"><span class='ocrx_word' id='word_1_211' title='bbox 229 3955 307 4003; x_wconf 86' lang='lat' dir='ltr'>se</span> <span class='ocrx_word' id='word_1_212' title='bbox 355 3936 692 4021; x_wconf 81' lang='lat' dir='ltr'>aliquando</span> <span class='ocrx_word' id='word_1_213' title='bbox 753 3936 1119 4021; x_wconf 78' lang='lat' dir='ltr'>impugnare</span> <span class='ocrx_word' id='word_1_214' title='bbox 1175 3931 1540 4013; x_wconf 72' lang='lat' dir='ltr'>utriusque</span> <span class='ocrx_word' id='word_1_215' title='bbox 1567 3933 1933 4021; x_wconf 84' lang='lat' dir='ltr'>philosophi</span> <span class='ocrx_word' id='word_1_216' title='bbox 1986 3957 2087 4003; x_wconf 85' lang='lat' dir='ltr'>as·-</span> 
     </span>
     <span class='ocr_line' id='line_1_31' title="bbox 218 4028 2089 4138; baseline -0.003 -17"><span class='ocrx_word' id='word_1_217' title='bbox 218 4054 432 4131; x_wconf 73' lang='lat' dir='ltr'>seclae</span> <span class='ocrx_word' id='word_1_218' title='bbox 448 4098 477 4138; x_wconf 86' lang='lat'>,</span> <span class='ocrx_word' id='word_1_219' title='bbox 540 4052 842 4123; x_wconf 82' lang='lat' dir='ltr'>Platonici</span> <span class='ocrx_word' id='word_1_220' title='bbox 894 4064 957 4119; x_wconf 85' lang='lat' dir='ltr'>et</span> <span class='ocrx_word' id='word_1_221' title='bbox 1004 4028 1393 4120; x_wconf 62' lang='lat' dir='ltr'>aristotelici</span> <span class='ocrx_word' id='word_1_222' title='bbox 1450 4062 1830 4137; x_wconf 71' lang='lat' dir='ltr'>coeperunt-’-</span> <span class='ocrx_word' id='word_1_223' title='bbox 1867 4052 2089 4117; x_wconf 60' lang='lat' dir='ltr'>kun-</span> 
     </span>
    </p>

    <p class='ocr_par' dir='ltr' id='par_1_6' title="bbox 1941 4167 2092 4243">
     <span class='ocr_line' id='line_1_32' title="bbox 1941 4167 2092 4243; baseline 0.06 -10"><span class='ocrx_word' id='word_1_224' title='bbox 1941 4167 2092 4243; x_wconf 65' lang='lat' dir='ltr'>dum</span> 
     </span>
    </p>
   </div>
  </div>
 </body>
</html>
