2792 5167
1004 510 1388 585 ...1573-

237 679 334 747 do
394 679 663 767 legimus
684 725 708 760 ‚
748 678 1007 746 ductum
1077 697 1217 745 esse
1239 678 1273 745 ἓ
1334 678 1410 744 In
1463 677 1816 745 memoriam
1868 687 2130 747 revocet-³

247 813 407 862 mus
478 795 785 882 dialogum
804 842 829 877 ‚
890 795 1005 880 qui
1057 798 1324 880 Χάρωνος
1382 797 1485 866 καὶ
1561 801 1778 878 Ἑρμοῦ
1835 793 2126 862 inscribi-

242 925 359 978 tur
402 915 496 980 ω.
595 912 1007 1012 Advenerunt
1082 911 1315 978 mortui
1380 924 1561 978 tanto
1617 928 1916 992 numer0‚
1999 928 2070 978 ut
2096 960 2122 996 ,

240 1028 375 1095 nisi
438 1029 801 1115 reliquerint
848 1030 913 1097 in
976 1030 1165 1098 litore
1204 1028 1528 1115 superflua
1575 1028 1823 1110 omnia,
1867 1028 1946 1096 de
1983 1029 2129 1111 ipso

236 1145 507 1232 navigio
527 1194 554 1230 ,
614 1165 695 1214 ne
749 1148 1147 1233 immergatur
1171 1194 1196 1229 ‚
1260 1162 1497 1214 metuat
1547 1147 1836 1213 Charon.
1935 1144 2135 1231 Jubet

235 1259 349 1328 hic
429 1261 630 1349 igitur
685 1265 829 1330 illos
887 1263 1080 1331 nudos
1131 1264 1369 1349 ingredi
1434 1284 1504 1330 ac
1571 1263 1903 1331 Mercurio
1959 1283 2144 1348 prae-

235 1377 411 1453 cinit
432 1425 463 1462 ‚
545 1395 623 1447 ut
680 1398 762 1447 ne
818 1381 1084 1465 accipiat
1105 1427 1130 1463 ‚
1214 1381 1339 1447 nisi
1409 1381 1520 1464 qui
1577 1379 1750 1447 omni
1801 1381 1886 1447 sit
1944 1389 2138 1448 onere

238 1513 530 1562 vacuus.
620 1495 794 1564 Facit
846 1497 1210 1565 Mercurius
1237 1545 1262 1581 ‚
1304 1513 1496 1581 atque
1546 1499 1626 1564 ad
1693 1500 1917 1565 scalam
1950 1517 2141 1567 nava·

243 1609 382 1679 hm
444 1613 742 1696 adstans»,
826 1629 898 1680 ut
953 1614 1194 1700 primus
1261 1615 1477 1701 prodit
1536 1616 1928 1702 Menippus»,
2014 1630 2133 1699 tu,

240 1728 523 1814 inquit,
568 1727 713 1812 quis
752 1731 875 1798 es?
919 1731 1293 1830 Menippuss
1332 1753 1470 1800 sum
1500 1781 1524 1816 ,
1568 1734 1940 1818 respondet:
1984 1752 2138 1801 ecce

243 1864 419 1914 vero
475 1865 628 1932 pera
680 1848 873 1930 mibi,
920 1839 1249 1933 Mercuri,
1296 1850 1683 1936 baculusque
1732 1851 1796 1916 in
1837 1851 2132 1935 paludem

240 1965 502 2052 abjecta
542 1981 801 2034 .sunto:
869 1967 1124 2051 pallium
1185 1982 1394 2036 autem
1441 1986 1612 2037 recte
1663 1968 1836 2051 feci,
1900 1967 2013 2051 qui
2051 1984 2139 2033 ne

246 2085 509 2152 tulerim
563 2084 814 2169 quidem
864 2104 1136 2153 mecum.
1228 2086 1357 2154 Cui
1422 2086 1831 2153 Mercurius:
1890 2085 2139 2154 inscen-

244 2201 331 2269 de
351 2249 377 2284 ‚
424 2201 779 2288 Menippe‚
835 2203 922 2268 ait
946 2251 971 2285 ‚
1032 2204 1316 2270 virorum
1373 2204 1610 2288 optime
1637 2251 1661 2282 ‚
1742 2205 2138 2288 primamque

244 2319 467 2385 sedem
516 2320 696 2403 iuxta
750 2316 1228 2402 gubernatorem
1287 2315 1357 2381 in
1397 2319 1526 2381 alto
1591 2317 1812 2384 obtine
1834 2362 1859 2398 ‚
1918 2329 1994 2382 ut
2027 2318 2142 2381 *in-

245 2433 491 2517 spicias
547 2451 793 2499 omnes.
882 2432 1009 2498 Hic
1052 2432 1157 2496 alii
1205 2446 1270 2497 et
1322 2449 1625 2515 perquam
1670 2452 1707 2498 a
1749 2451 1822 2499 se
1855 2432 2143 2500 invicem

246 2548 502 2619 diversi
525 2597 551 2632 ‚
610 2547 951 2616 identidem
1009 2548 1362 2631 procedunt
1381 2595 1407 2629 ‚
1467 2550 1882 2616 Charmolaus
1936 2550 2145 2616 conti-

247 2686 393 2735 nuo
418 2716 469 2749 ‚.
504 2666 830 2733 formosus
873 2664 1025 2747 ille,
1078 2666 1264 2749 eujus
1325 2666 1616 2730 osculum
1673 2664 1839 2730 binis
1889 2666 2140 2732 talentis

247 2782 749 2863 aestimabatur,
833 2795 968 2847 tum
1028 2771 1463 2865 Lampichus‚
1525 2781 1879 2848 Geloiirum
1934 2797 2156 2866 tyrau-.

256 2919 388 2970 nus
419 2947 444 2983 ‚
508 2893 829 2966 Damasias
856 2881 1155 2980 athleta,
1224 2899 1492 2981 Crates,
1536 2897 1713 2965 dives
1752 2897 1905 2981 ille,
1948 2917 2145 2966 arma·

255 3034 369 3088 tus
421 3022 573 3085 item
634 3015 865 3100 aliquis
889 3062 914 3098 ‚
977 3015 1088 3099 qui
1152 3030 1471 3099 tropaeum
1526 3015 1729 3083 affert.
1816 3017 2031 3102 Aegre
2075 3016 2141 3084 hi

261 3155 534 3219 omnen,
603 3135 781 3220 quod
822 3133 981 3219 ipsis
1040 3134 1104 3200 in
1160 3134 1288 3201 vita
1341 3135 1589 3219 insigne
1641 3133 1766 3199 fuit
1793 3181 1817 3214 ‚
1873 3135 2142 3217 quoque

262 3256 452 3323 unice
512 3253 763 3341 gloriari
822 3251 1111 3318 solebant
1131 3298 1156 3332 ‚
1222 3251 1589 3335 deponunt:
1659 3265 1930 3332 tyranno
1984 3267 2141 3314 vero

268 3372 538 3438 maxime
590 3372 928 3437 molestum
984 3367 1247 3445 accidit,
1290 3368 1456 3453 regia
1513 3363 1782 3450 insignia
1832 3364 2142 3447 abJ‘iceret

274 3485 485 3569 quid?
547 3484 798 3569 inquit,
861 3502 1042 3550 mene
1096 3483 1274 3551 decet
1297 3530 1321 3565 ‚
1385 3480 1713 3561 Mercuri,
1756 3480 1994 3548 nudum
2055 3479 2151 3544 in-

277 3601 504 3691 gredi,
542 3603 654 3684 qui
713 3617 1015 3686 tyrannus
1073 3601 1273 3667 sum?
1330 3599 1459 3667 Cui
1511 3593 1920 3675 Mercurius,
1983 3596 2149 3663 haud

277 3733 353 3787 tu
412 3716 661 3800 quidem
724 3718 826 3785 hic
847 3767 873 3801 ‚
938 3716 1188 3801 reponit
1213 3762 1238 3798 ‚
1298 3730 1604 3799 tyrannus
1632 3758 1657 3794 ‚
1717 3711 1832 3777 sed
1885 3713 2143 3779 omnino

278 3850 575 3905 mortuus
623 3853 718 3903 es.
805 3834 902 3903 Ut
956 3853 1116 3902 vero
1173 3829 1440 3918 ingressi
1478 3829 1547 3899 hi
1590 3845 1808 3896 omnes
1847 3830 2140 3913 scapham

1949 3958 2144 4026 sunt,

276 4091 291 4100 ·
340 4091 435 4171 4.)
476 4088 626 4144 mn.
666 4087 740 4143 x.
773 4107 829 4159 p.
865 4090 982 4145 aas.
