2792 5167
1001 538 1342 598 ...27-

215 700 492 768 modesti
548 713 612 765 et
673 699 924 765 sibimet
983 699 1137 783 ipsis
1198 700 1615 782 imperantes,
1674 700 1997 783 subactis»,
2057 724 2091 767 e

216 816 458 902 quibus
507 818 701 897 vitia,
789 818 855 882 in
907 817 1248 883 libertatem
1306 817 1679 897 vindicatis,
1764 838 1799 883 e
1857 818 2090 900 quibus

213 935 494 1002 virtutes
548 934 879 1014 oriuntur;
967 936 1194 1000 mortui
1242 954 1388 1000 vero
1413 981 1437 1013 ,
1505 935 1879 1020 recuperatis
1939 935 2094 1017 alis,

215 1067 551 1138 praepetes
601 1057 888 1132 evolant,
931 1071 1073 1118 cum
1131 1054 1315 1117 trium
1362 1053 1760 1121 certaminum
1804 1053 2094 1138 Olympi·

219 1188 451 1237 corum
509 1188 700 1237 unum
759 1169 1179 1254 pet-vicerint:
1274 1189 1404 1253 quo
1453 1189 1602 1237 saue
1655 1171 2091 1265 praestabilius

220 1286 463 1353 bonnm
503 1305 615 1353 nec
666 1287 933 1353 humana
978 1287 1422 1370 temperantia,
1465 1306 1579 1354 nec
1624 1288 1877 1356 divinus
1916 1289 2115 1357 furor.

222 1404 463 1470 homini
503 1402 724 1471 afferre
766 1388 959 1471 ullum
1005 1420 1240 1488 potest.
1276 1405 1358 1473 (¹)

543 1630 664 1697 De
712 1633 1080 1720 justitia
1141 1647 1220 1698 et
1263 1633 1754 1717 felt'ce‘tate.
1858 1716 1862 1720 ι

216 1749 710 1834 Sufficitne
781 1752 1088 1816 homini
1169 1750 1275 1815 acl
1343 1751 1587 1815 beate
1660 1749 2087 1818 vivendum

931 1869 1365 1950 justitia?

304 2100 742 2168 Verumtamen
781 2122 942 2184 quae
973 2123 1046 2170 ex
1085 2103 1487 2186 philosophia
1526 2102 1725 2185 pulcri
1757 2103 1835 2167 ad
1868 2119 2089 2183 quaes·

215 2217 454 2283 tionem
500 2219 596 2283 de·
632 2220 868 2302 justitia
923 2239 992 2286 ac
1048 2219 1342 2286 felicitate
1378 2220 1700 2286 attulimus
1744 2219 2083 2297 hactenus,

211 2333 713 2418 praeparaverint
788 2336 933 2400 haec
1000 2354 1118 2402 nos
1183 2338 1645 2417 quodammodo
1715 2335 1880 2401 forte
1906 2381 1929 2414 ,
2011 2348 2081 2398 ut

208 2453 385 2532 quod
426 2452 824 2533 quaerimus»,
887 2453 1273 2520 inveniamus
1318 2454 1707 2537 aliquand03
1797 2452 2085 2535 philoso-

207 2568 352 2651 phia
381 2568 538 2654 iusti
574 2569 750 2635 aliam
791 2575 1071 2652 postulat
1104 2572 1636 2656 disquisitionem.
1716 2568 2076 2654 Dejustitia

204 2686 306 2753 hlc
356 2688 658 2767 agendum
709 2687 896 2754 nobis
941 2705 1081 2755 est:
1168 2691 1516 2757 discernere
1555 2709 1685 2756 eam
1738 2709 1774 2755 a
1817 2686 2074 2765 caeteris

202 2803 546 2871 virtutibus
578 2805 959 2888 majoribus,
1005 2823 1038 2868 a
1076 2804 1418 2888 sapientia,
1462 2805 1875 2887 fortitudine,
1920 2822 2073 2872 tem·

195 2921 476 3007 perantia
537 2936 828 3003 oportet:
916 2926 1330 3003 quaerendum
1372 2922 1747 3005 praecipue,
1790 2942 1940 2989 num
1997 2925 2075 2989 ad

196 3039 356 3106 bene
400 3039 704 3121 beateque
753 3039 1085 3106 vivendum
1136 3040 1272 3123 ipsa
1323 3039 1587 3107 sufficiat
1631 3059 1776 3107 una.
1906 3040 2077 3107 Atti·

198 3159 400 3242 gimus
461 3159 647 3235 haec,
724 3178 915 3240 quum
980 3158 1041 3223 in
1097 3158 1503 3240 philosophia
1562 3158 1693 3223 veri
1754 3158 2068 3224 tractanda

197 3275 516 3342 Philebum
585 3275 1032 3358 explicaremus
1089 3273 1399 3342 Platonis.
1488 3256 1653 3340 ⁸Sed
1713 3275 1929 3352 Plat0,
1999 3287 2069 3336 ut

192 3391 511 3473 vidimus,
553 3414 692 3458 cum
738 3394 1036 3459 scriberet
1079 3392 1395 3476 dialogum
1439 3394 1652 3471 illum,
1697 3392 1902 3455 minus
1945 3391 2063 3454 So·

190 3508 383 3576 cratis
430 3496 683 3576 suamve
734 3488 1105 3576 sententiam
1149 3512 1495 3589 declarare,
1542 3527 1724 3591 quam
1771 3506 2061 3572 adhibere

191 3630 458 3696 Philolai
499 3631 728 3715 placito
789 3633 920 3714 περὶ
963 3636 1078 3698 τῶν
1118 3633 1373 3713 ἀπείρων
1415 3655 1487 3698 τε
1528 3630 1629 3696 καὶ
1673 3627 2054 3710 περαινόντων

184 3746 566 3815 dialecticam
606 3750 870 3815 studuit.
957 3750 1045 3816 Et
1100 3767 1251 3813 vero
1309 3750 1387 3815 de
1449 3744 1755 3830 sapientia
1809 3745 1937 3811 illic
1991 3763 2054 3813 et

183 3866 549 3949 voluptate,
595 3867 720 3932 utri
784 3867 861 3931 ad
913 3865 1148 3931 beatam
1209 3864 1396 3929 vitam
1452 3864 1600 3947 plus
1655 3863 2048 3931 tribuendum

1920 3982 2048 4060 sit,

253 4100 336 4170 (t)
376 4098 623 4155 Phaedr.
657 4098 755 4157 256
780 4108 849 4155 Δ.
874 4099 934 4153 13.
1006 4098 1092 4152 Cf.
1131 4094 1263 4151 vol.
1289 4095 1335 4149 1.
1383 4114 1441 4164 p.
1466 4096 1563 4150 154
1597 4102 1650 4149 et
1687 4094 1803 4149 1³5.
