2792 5167
988 531 1373 596 -249..

234 691 453 775 leges:
523 704 657 756 tum
712 691 788 756 de
842 690 1140 775 augendis
1182 692 1419 759 divitiis
1467 696 1846 760 aemulantur
1887 714 2091 760 secum

230 806 507 874 invicem
548 822 625 873 et
649 823 1028 878 concertant.
1092 808 1243 894 Quo
1288 828 1436 874 vero
1477 812 1708 895 majore
1747 812 1806 876 in
1849 785 2097 878 civitate

230 922 485 988 honore
545 923 797 989 divitiae
853 942 923 989 ac
984 924 1211 991 divites
1268 927 1622 1006 habentur,
1697 944 1774 991 en
1858 929 2094 992 minore

232 1038 551 1105 habentur
605 1040 805 1105 virtus
864 1056 925 1106 et
986 1040 1137 1106 boni
1194 1042 1388 1108 cives.
1502 1049 1808 1112 ’Λα-κεῖται
1858 1042 2095 1108 scilicet

234 1157 318 1224 τὸ
385 1157 481 1224 ἀεὶ
541 1159 865 1239 τιμώμενον
880 1201 904 1235 ,
967 1162 1290 1241 ἀμελεῖται
1357 1162 1420 1228 δὲ
1489 1162 1560 1228 τὸ
1632 1139 2088 1244 ἆτῖμαζόμενον.

235 1269 463 1353 Itaque
502 1272 727 1337 divites
769 1273 846 1338 ad
894 1272 1285 1355 magistratus
1334 1274 1683 1340 evehuntur
1708 1320 1732 1354 ‚
1792 1291 2091 1356 pauperes

232 1401 751 1454 contemnuntur.
859 1387 1025 1455 Hinc
1082 1390 1297 1456 damna
1356 1389 1644 1455 oriuntur
1704 1388 2086 1470 gravissima.

234 1500 393 1567 Non
451 1503 611 1568 enim
676 1521 879 1570 rerum
935 1497 1182 1587 'pet-iti,
1254 1506 1363 1572 sed
1423 1505 1661 1571 divitiis
1726 1505 2086 1569 excellentes

216 1618 546 1685 civitatem
609 1618 987 1703 gubernant:
1046 1638 1175 1686 non
1234 1640 1352 1686 una
1408 1637 1610 1689 manet
1661 1620 1921 1696 civitas,
1973 1618 2086 1684 sed

218 1735 542 1802 exsistunt
598 1737 791 1816 duae,
846 1738 1032 1803 altera
1087 1738 1346 1803 divitum
1377 1784 1402 1818 ‚
1466 1756 1802 1820 pauperum
1851 1737 2079 1812 altera,

220 1850 352 1915 eibi
388 1850 645 1917 invicem
686 1851 968 1918 inimicae
991 1839 1031 1919 τ’
1069 1853 1173 1918 vix
1215 1853 1446 1919 bellum
1490 1853 1806 1934 suscipere
1847 1850 2077 1932 princi-

230 1982 351 2046 pes
383 1966 653 2047 audent,
694 1967 930 2049 plebem
975 1983 1261 2034 armatam
1305 1969 1544 2052 magis,
1587 1986 1777 2049 quam
1828 1968 2076 2040 hostes,

230 2079 742 2148 reformidantes:
802 2099 932 2148 tum
990 2103 1184 2164 veru,
1243 2087 1415 2166 quod
1467 2083 1893 2168 gravissimum
1953 2100 2076 2144 ma-

230 2187 363 2252 lum
413 2201 555 2268 est,
606 2205 677 2254 ut
726 2190 956 2272 cuique
1021 2190 1163 2256 licet
1217 2209 1330 2256 sua
1386 2193 1591 2256 omnia
1645 2190 1945 2266 alienare,
1992 2187 2076 2251 ita

230 2316 388 2368 sunt
441 2304 550 2384 qui
605 2305 753 2371 haec
805 2308 1174 2389 acquirant3
1216 2308 1380 2373 unde
1423 2305 1600 2370 turba
1639 2302 1885 2368 exsistit
1924 2321 2065 2367 cum

230 2418 697 2501 mendicorum,
745 2436 878 2487 tum
902 2423 1345 2489 maleficorum.
1407 2421 1584 2487 Talis
1623 2420 1814 2503 igitur
1849 2418 2069 2482 civitas

218 2550 325 2600 est
379 2555 715 2618 paucorum
767 2538 1025 2621 imperio
1071 2539 1347 2624 subjecta
1386 2552 1448 2604 et
1503 2551 1599 2602 tot
1637 2534 1869 2613 habet,
1903 2535 2075 2599 :forte

208 2652 336 2718 alia
375 2651 516 2718 item
543 2698 567 2733 ,
608 2656 784 2726 mala.
831 2652 915 2720 (⁸)

310 2769 625 2852 Suspicari
665 2771 787 2834 hoc
826 2773 966 2837 loco
993 2770 1182 2849 licet,
1222 2770 1430 2835 denuo
1480 2767 1827 2851 respexisse
1867 2767 2066 2831 Plato-

206 2901 359 2949 nem
422 2885 1052 2952 Lacedaemoniorum
1114 2886 1596 2968 rempublicam,
1667 2901 1797 2950 non
1855 2883 2065 2964 prouti

220 3016 397 3067 antea
439 3020 474 3065 e
508 2999 790 3086 Lycurgi
847 3002 1091 3085 legibus
1149 2999 1396 3081 fuerat3
1455 3000 1564 3066 sed
1613 3000 1815 3081 qualis
1862 2995 2063 3079 ipsius

218 3133 376 3181 aevo
417 3133 556 3182 esse
628 3131 941 3199 coeperat·
1074 3117 1234 3182 Nam
1321 3135 1511 3198 opum
1590 3113 2063 3190 divitiarumque

204 3232 498 3297 studium
552 3231 872 3314 Spartam,
942 3246 1091 3313 post
1170 3231 1397 3296 bellum
1477 3231 1538 3294 in
1603 3229 1817 3311 primis
1887 3226 2061 3291 Pelo-

212 3351 642 3433 ponnesium‚
704 3349 1046 3431 invasisse,
1126 3365 1187 3414 et
1242 3350 1503 3416 historia
1557 3348 1740 3412 docet
1801 3363 1861 3408 et
1921 3343 2060 3406 aliis

214 3467 377 3533 locis
467 3469 642 3536 Plato
744 3482 1204 3540 commemorat.
1350 3465 1679 3531 Caeterum
1762 3459 2060 3538 quadrant

213 3585 395 3668 plane
446 3584 511 3648 in
573 3585 905 3666 Spartanae
963 3582 1335 3665 reipublicae
1390 3576 1859 3643 conversionem
1915 3590 2056 3637 cor-

213 3699 740 3784 ruptionemque,
785 3717 945 3779 quae
997 3699 1118 3764 hoc
1171 3711 1391 3762 nostro
1440 3696 1580 3758 loco
1609 3673 1614 3682 ’
1642 3692 1926 3757 Socrates
1983 3691 2059 3752 de

208 3814 551 3898 oligarchia
606 3827 881 3902 monet..
928 3813 1347 3880 Veruntamen
1392 3810 1675 3876 universe
1715 3805 2059 3888 respexisse

1925 3923 2057 3987 ma-

282 4099 365 4168 (u)
406 4101 493 4152 De
522 4099 667 4171 R‘I'·
702 4097 874 4154 VIH.
906 4096 1024 4151 550.
1056 4099 1121 4151 D.
1146 4126 1210 4139 --
1245 4095 1363 4156 552.
1394 4097 1453 4148 E.
