2792 5167
1094 389 1453 454 ..73-

309 549 670 632 tinguendo
742 549 977 616 studuit
1001 597 1025 631 ‚
1093 548 1479 630 scripsitque
1541 546 1915 615 dialecticos
1977 566 2224 636 sermodg

310 684 480 746 nes,
523 666 926 733 Thoeetemm
954 715 978 748 ,
1020 667 1384 750 sophistam
1409 714 1432 746 ‚
1474 665 1854 745 politicum,
1901 639 2210 733 caeteros.n

318 779 501 848 Tum
562 802 760 864 vero,
804 786 969 867 quod
1025 783 1389 850 maturioris
1432 797 1528 848 est
1566 782 1784 849 aetatis
1822 782 2203 865 proprium,

313 897 403 964 ad
458 896 628 966 vitae
664 920 845 966 usum
908 917 1277 967 convertens
1339 900 1582 980 studia,
1654 897 1996 982 exploratis
2057 899 2205 965 dili·

317 1015 574 1097 gentius
643 1018 1101 1103 Aegyptiorum
1187 1013 1573 1101 mmieque
1649 1019 2196 1102 Pythagoreorum

307 1130 623 1200 institutis
650 1182 674 1216 ‚
742 1136 1081 1218 perfectam
1156 1134 1339 1201 finxit
1409 1135 1888 1217 Rempublicam
1915 1184 1939 1217 .‚
2027 1154 2195 1218 quae

299 1247 447 1316 boni
484 1253 783 1339 justique
836 1251 1099 1317 referret
1156 1254 1465 1334 exemplar
1488 1298 1512 1332 ‚
1570 1235 1633 1318 et
1655 1252 1862 1317 ¹vitam
1912 1253 2194 1318 contine-

295 1383 399 1435 ret
492 1368 807 1451 optimam
828 1389 850 1433 ι
954 1370 1121 1433 unde
1203 1368 1483 1433 escendit
1554 1370 1795 1435 tandem
1820 1417 1845 1449 ‚
1932 1370 2190 1439 Timaeo

300 1482 794 1551 conscribendo
835 1531 861 1564 ‚
945 1486 1027 1549 ad
1094 1504 1297 1548 terum
1377 1485 1722 1550 divinarum
1811 1484 2197 1566 disquisitio-

306 1620 492 1669 nem-
547 1596 612 1644 <⁸2
720 1600 858 1666 Hac
922 1599 1031 1666 ille
1076 1602 1522 1683 progressione
1583 1617 1850 1666 mentem
1907 1601 2202 1684 paulatim

296 1721 721 1802 animumque
775 1718 1138 1803 explicans,
1209 1718 1419 1786 eadem
1480 1718 1818 1786 scribendo
1857 1718 2202 1785 illustravit

286 1839 757 1927 philosophiam
829 1838 1092 1925 pulcri,
1179 1839 1638 1925 philosophiam·
1680 1841 1821 1904 veri
1839 1885 1864 1918 ‚
1930 1837 2199 1925 philoso-

296 1957 532 2044 phiam
575 1956 790 2038 justi:
832 1971 955 2017 nos
1007 1972 1161 2018 vero
1182 1999 1208 2032 ‚
1252 1952 1408 2017 illud
1467 1968 1717 2034 agentes
1772 1953 2031 2017 maxime
2057 2001 2080 2033 ,
2122 1969 2197 2018 ut

309 2090 667 2156 sequamur
726 2070 1180 2154 philosophum
1221 2117 1246 2153 ,
1319 2068 1535 2154 quidni
1622 2067 1757 2152 pari
1820 2067 2042 2134 deinde
2097 2068 2205 2134 via

304 2205 370 2257 et
428 2187 678 2256 ratione
724 2187 1231 2288 procedamus?

394 2306 602 2392 Quod
656 2323 864 2373 autem
923 2307 1125 2372 adhuc
1169 2305 1562 2373 instituimus
1585 2353 1609 2386 ,
1653 2318 1727 2369 ut
1788 2321 1922 2369 non
1980 2303 2198 2387 dispu-

306 2439 589 2494 taremus
644 2443 785 2490 cum
830 2423 972 2490 aliis
1014 2439 1075 2490 et
1106 2424 1624 2490 contenderemus
1677 2423 1755 2487 de
1789 2420 2202 2505 philosophizt

301 2541 594 2610 Platonis
613 2589 639 2622 ‚
704 2544 815 2608 sed
865 2541 1292 2608 induceremus
1340 2541 1404 2606 in
1462 2561 1594 2607 eam
1660 2541 1964 2607 lectores:
2031 2539 2197 2606 idem

308 2677 511 2740 porro
582 2658 704 2723 etit
756 2659 1157 2741 propositum
1234 2673 1548 2724 nostrum.
1679 2658 2086 2723 Proficiemus
2163 2676 2200 2722 e

315 2774 584 2857 scriptis
639 2793 855 2838 eorum
881 2821 905 2852 .,
969 2747 1083 2853 t‘mi
1143 2788 1207 2836 et
1252 2786 1395 2838 aute
1448 2788 1511 2836 et
1569 2772 1690 2836 hac
1745 2786 1964 2836 nostra
2009 2785 2203 2836 aetate

312 2894 645 2982 praeclare
699 2890 777 2954 de
828 2890 1088 2955 Platone
1147 2888 1406 2972 ejusque
1455 2885 1708 2972 placitis
1763 2886 1959 2952 meriti
2014 2900 2202 2952 sunt:

309 3012 556 3096 quibus
622 3023 927 3092 quantum
987 3005 1360 3086 debeamus,
1419 3003 1684 3072 laudatis
1725 3005 2053 3074 identidem
2104 3008 2203 3074 lo-

306 3129 448 3212 cis,
527 3141 715 3214 grato
782 3123 996 3191 animo
1061 3123 1532 3190 declarabimus,
1634 3123 1879 3210 Quodsi
1920 3141 2071 3192 sunt
2128 3126 2197 3193 in

308 3247 433 3329 iis,
514 3244 629 3329 qui
695 3241 1144 3328 interpretandi
1213 3240 1588 3326 philosophi
1639 3243 1815 3309 aliam
1899 3244 2199 3310 iniverint

318 3364 615 3431 tationem
638 3410 666 3445 ‚
707 3362 879 3429 haud
934 3359 1337 3428 defendemus
1376 3360 1525 3426 data
1580 3365 1771 3445 opera
1823 3359 2199 3426 sententiam

2056 3492 2205 3542 nos·

402 3632 509 3704 (ι)
556 3633 647 3685 De
694 3634 876 3686 multis
927 3633 1167 3687 Platonis
1211 3633 1474 3703 dialogis,
1533 3651 1645 3703 qno
1699 3642 1950 3700 tempore
2016 3633 2202 3703 scripti

330 3723 483 3784 nint,
538 3737 649 3772 non
702 3730 933 3782 constat:
984 3724 1077 3776 sed
1113 3724 1251 3784 hos,
1311 3741 1450 3790 quos
1485 3721 1724 3772 diximus
1751 3758 1767 3780 ‚
1807 3722 1886 3772 sie
1917 3719 2018 3773 sibi
2053 3723 2197 3778 invi...

328 3833 451 3868 cem
488 3810 804 3865 successim
821 3847 836 3872 ‚
870 3809 1067 3866 idonei·
1100 3810 1413 3865 ntionibna
1434 3807 1690 3877 prob-vit
1717 3808 1920 3862 Aetius.
1940 3812 2199 3870 Platon²o

326 3902 438 3959 leb.
475 3921 532 3955 u.
568 3900 709 3955 sehr.
751 3917 804 3967 p.
840 3897 895 3952 ⁵2
935 3918 1048 3975 sqq.

1198 3992 1346 4073 Es
