2792 5167
1060 391 1418 477 -5'3-0

285 575 407 646 hae
491 575 891 658 defensione,
968 578 1287 648 Socratica
1344 577 1482 646 fere
1547 597 1709 649 usus
1771 593 1873 645 est
1927 581 2174 665 disqui-

292 694 485 762 rendi
541 695 797 764 ratione.

383 929 619 1016 Quaeri
660 929 791 996 fere
831 931 1032 1013 solet,
1078 935 1254 1015 quod
1300 935 1546 1001 tandem
1601 933 1690 1000 sit
1733 939 2118 1027 propositum
2139 985 2164 1018 ,

292 1042 443 1127 quis
480 1045 631 1130 finis
677 1050 1140 1132 philosophiae.
1228 1051 1410 1136 Quae
1466 1070 1615 1118 sane
1654 1052 1941 1133 quaestio
1995 1054 2166 1119 haud

282 1163 483 1231 facilis
544 1184 635 1231 est
688 1171 765 1231 ad
836 1167 1272 1252 explicandum
1305 1214 1331 1247 ‚
1394 1167 1451 1232 si
1507 1167 1709 1233 varias
1784 1169 2156 1252 respicimus

275 1281 815 1367 philosophorum
891 1281 1210 1347 doctrinas
1239 1328 1265 1362 ,
1325 1281 1391 1347 in
1447 1282 1664 1364 primis
1721 1286 2190 1353 recentiorum.-

270 1399 461 1465 Aliae
528 1398 697 1463 enim
760 1398 887 1463 aiio
945 1395 1348 1482 referuntur,
1417 1415 1604 1480 atque
1661 1399 1747 1464 ita
1793 1419 1876 1486 *se
1939 1401 2168 1467 habent

275 1516 683 1594 nonnuuae,
726 1528 805 1578 nt
849 1513 1007 1595 quid
1049 1529 1397 1595 spectarent
1439 1514 1562 1596 ipsi
1605 1531 1934 1596 auctores,
1995 1517 2174 1599 igno-

272 1629 451 1696 rasse
512 1630 860 1695 videantur.
950 1629 1103 1715 Quo
1164 1629 1281 1710 fit,
1338 1644 1414 1695 ut
1461 1650 1685 1696 vanum
1740 1652 1775 1697 a
1830 1631 2045 1699 multis
2104 1647 2170 1698 et

270 1746 506 1814 inutile
547 1746 853 1813 habeatur
888 1746 1323 1829 philosophiae
1364 1748 1666 1815 studium.
1732 1749 1982 1836 Quodsi
2017 1741 2164 1835 phi-

267 1865 579 1948 losophia
624 1865 970 1930 secundum
1013 1865 1413 1946 antiquorum
1467 1865 1720 1931 effatum
1761 1867 2035 1933 studium
2075 1868 2174 1934 sit-

274 1997 345 2048 et
390 2001 582 2047 amor
641 1978 1077 2064 cognoscendi,
1134 1998 1267 2044 non
1328 1995 1427 2045 est
1480 1982 1656 2062 quod
1703 1984 1781 2047 de
1838 1985 1971 2066 ejus
2013 2001 2163 2066 pro-

268 2096 505 2182 posito
586 2094 974 2162 dubitemus,
1079 2095 1383 2162 Refertur
1458 2097 1540 2166 ita
1599 2098 1677 2163 ad
1741 2118 1956 2163 verum
2018 2118 2172 2184 cog-

266 2216 669 2285 noscendum
699 2264 725 2296 ,
783 2215 964 2299 cujus
1012 2214 1292 2281 innatum
1348 2229 1444 2280 est
1501 2216 1742 2281 homini
1798 2216 2168 2284 incredibile

268 2333 605 2413 studium;
652 2333 783 2396 dux
821 2347 915 2396 est
963 2333 1039 2397 ad
1080 2332 1485 2415 sapientiam,
1540 2355 1665 2416 qua
1717 2335 1878 2400 nihil
1929 2353 2166 2419 possu-

262 2470 410 2517 mus
468 2448 855 2534 praeclarius
911 2463 1247 2530 appetere:
1325 2463 1422 2513 est
1484 2448 1744 2514 omnino
1799 2448 2157 2534 ejusmodi,

262 2583 337 2634 ut
410 2587 553 2633 eam
638 2568 847 2631 colere
923 2566 1114 2630 decus
1192 2586 1504 2633 summum
1532 2616 1558 2649 ‚
1632 2587 1762 2632 eam
1837 2567 2161 2650 despicere

262 2701 595 2750 summum
662 2682 932 2746 dedecus
988 2683 1335 2760 putandum
1395 2683 1502 2747 sit.
1595 2682 1840 2747 Verum
1892 2684 2053 2748 enim
2093 2683 2162 2747 in

269 2803 395 2867 hac
436 2817 655 2865 rerum
699 2796 1125 2861 universarum
1165 2795 1656 2876 disquisitione,
1696 2797 1885 2860 habet
1921 2811 2166 2879 tamen,

265 2919 552 2985 Socrate
611 2911 875 3000 iudice,
958 2909 1135 2992 quod
1207 2928 1397 2976 unum
1458 2911 1728 2978 maxime
1778 2913 2169 2997 diligentissi-

264 3052 507 3116 meque
560 3029 843 3113 indaget.
935 3028 1099 3094 Nam
1142 3048 1284 3094 cum
1324 3030 1624 3096 latissime
1652 3046 1858 3114 pateat
1892 3052 2166 3117 cognos-

261 3152 448 3224 cendi
493 3169 720 3229 amor,
765 3167 884 3214 nec
929 3145 1139 3212 minus
1174 3144 1486 3226 inquirant
1518 3149 1852 3229 mortales,
1897 3149 2051 3232 quid
2079 3153 2158 3222 jn

261 3270 407 3337 altis
450 3269 625 3338 coeli
680 3265 1035 3345 tractibus,
1083 3282 1271 3345 quatu
1318 3263 1472 3346 quid
1514 3265 1582 3330 in
1625 3265 1723 3332 his
1769 3266 1950 3334 terris
1985 3268 2166 3350 ipso·

274 3403 543 3467 rumque
582 3384 813 3454 animis
860 3397 1161 3465 geratur,
1199 3395 1263 3447 et
1309 3401 1460 3447 vero
1499 3382 1642 3452 ‚iuis
1676 3385 1942 3450 maxime
1991 3382 2171 3447 inda»

276 3500 497 3585 modis
553 3499 915 3585 sapientiam
962 3515 1293 3581 censeant3
1350 3499 1644 3567 Socrates
1690 3495 2166 3584 philosophiam

270 3614 497 3699 coegit
534 3618 612 3688 de
666 3618 799 3686 vita
844 3633 907 3684 et
946 3618 1232 3684 moribus
1287 3615 1607 3697 rebusque
1647 3616 1842 3686 bonis
1892 3630 1954 3679 et
1978 3616 2171 3690 ,malis

271 3753 611 3822 quaerere.
702 3733 850 3818 Quo
894 3754 1019 3800 non
1076 3736 1296 3802 utilius
1350 3748 1595 3798 tantum
1617 3777 1642 3812 ,
1685 3745 1760 3795 ut
1800 3733 1995 3813 vulgo
2046 3754 2163 3817 pu·

268 3869 495 3934 tatur,
556 3849 1005 3932 hominumque
1064 3851 1231 3917 vitae
1278 3847 1847 3930 accommodatius,
1907 3851 2015 3916 sed
2063 3875 2166 3923 re..

246 3987 424 4058 -apse
457 3969 791 4038 sublimius
831 3985 964 4036 esse
1000 3968 1216 4052 coepit
1257 3965 1699 4052 philosophiae
1734 3969 2166 4054 propositum.

1146 4087 1207 4158 D
1258 4106 1292 4167 3
1996 4085 2162 4149 Nam
