2792 5167
1471 416 1817 480 „32-

725 578 987 660 deiude,
1052 577 1203 661 qui,
1274 578 1325 641 si
1379 580 1477 642 vel
1522 578 1781 643 maxime
1827 578 1904 643 de
1959 576 2057 641 his
2100 577 2336 659 aliquid
2398 577 2609 658 sciat,

727 694 1088 779 prohibitus
1143 694 1229 760 sit
1287 714 1322 759 a
1371 693 1511 760 viro
1564 714 1692 760 non
1742 696 2196 761 contemnendo
2257 696 2610 779 quidquam

726 812 931 878 dicere
986 828 1253 890 eorum,
1300 830 1460 892 quae
1500 810 1970 878 existimaverit.
2100 812 2222 879 Sed
2280 827 2345 877 te
2403 812 2607 895 magis

727 944 997 1009 aequum
1041 943 1139 991 est
1179 925 1427 993 diceret
1513 943 1583 993 tu
1620 928 1783 993 enim
1826 927 1985 993 scire
2027 927 2343 1011 profiteris
2384 948 2611 1017 posse·v

735 1062 861 1125 que
897 1042 1143 1109 dicere:
1229 1060 1371 1125 gere
1429 1044 1618 1127 igitur
1676 1060 1747 1109 tu
1810 1043 1960 1110 mihi
2028 1064 2263 1112 rnorem
2316 1065 2433 1112 nec
2494 1048 2613 1113 do·

744 1180 883 1228 eere
943 1179 1190 1227 recuses
1249 1162 1638 1227 Glauconcm
1712 1163 1951 1227 huncce
2024 1178 2086 1227 et
2158 1181 2440 1230 caeteros
2499 1164 2613 1247 qui

741 1284 990 1349 adsunt.
1015 1276 1101 1347 (¹)
1153 1280 1437 1367 ‘Quibus
1485 1276 1673 1346 dictis
1724 1294 1786 1344 et
1829 1280 2078 1345 Glauco
2124 1294 2185 1344 et
2235 1284 2466 1345 caeteri
2511 1299 2618 1345 ex·

743 1400 958 1481 citati,
1063 1398 1338 1482 flagitant
1398 1396 1971 1481 Thrasymachum,
2071 1415 2152 1462 ne
2205 1396 2381 1463 aliter
2441 1411 2610 1481 agat.

747 1516 1257 1600 Thrasymachus
1310 1528 1517 1579 autem
1572 1533 1865 1597 perquam
1893 1561 1916 1594 ,
1962 1531 2031 1580 ut
2066 1515 2363 1597 patebat,
2407 1513 2617 1580 dicere

747 1633 1009 1714 avebat,
1053 1647 1126 1697 ut
1164 1644 1502 1697 ostentaret
1544 1629 1936 1711 doctrinam,
1982 1646 2153 1696 ratus
2197 1632 2435 1698 scilicet
2474 1631 2630 1714 pul·

748 1726 1096 1815 cerrimum'
1143 1767 1319 1827 esse,
1367 1749 1540 1829 quod
1590 1764 1755 1812 esset
1809 1767 2266 1831 responsurus;
2330 1749 2627 1816 simulate

749 1879 950 1930 autem
1008 1884 1043 1929 a
1098 1863 1357 1931 Socrate
1408 1863 1870 1945 contendebat,
1942 1882 2011 1930 ut
2084 1865 2216 1948 ipse
2274 1868 2632 1949 responde·

755 1997 888 2048 ret:
953 1983 1194 2047 tandem
1257 2000 1407 2046 vero
1451 1982 1790 2047 concessit.
1871 1987 2087 2053 Ἄκουε
2126 1987 2232 2061 δὴ,
2274 1980 2401 2064 ait,
2444 1988 2627 2069 φημὶ

765 2104 890 2186 γὰρ
930 2103 1050 2181 ἐγὼ
1093 2097 1241 2168 εἶναι
1281 2103 1351 2169 τὸ
1393 2101 1613 2168 δίκαιον
1656 2104 1761 2168 οὐκ
1804 2099 1965 2170 ἄλλό
2002 2127 2061 2169 τι
2098 2103 2133 2181 ἣ
2173 2104 2242 2169 τὸ
2281 2106 2388 2169 τοῦ
2434 2104 2629 2185 κρείτ·

759 2242 919 2294 τηος
961 2220 1288 2301 ξυμφέρον·
1377 2213 1553 2279 Audi
1571 2234 1758 2301 ergo:
1798 2230 2011 2282 statuo
2039 2215 2314 2301 equidem
2332 2262 2356 2296 ,
2382 2216 2624 2301 justum

767 2334 936 2399 nihil
996 2332 1182 2398 aliud
1247 2355 1369 2398 esse
1429 2333 1550 2396 nisi
1607 2330 1774 2417 quod
1833 2334 2144 2417 superiori
2200 2335 2285 2398 sit
2342 2333 2496 2397 utile
2514 2328 2622 2399 (⁸).

769 2451 976 2535 Quam
1013 2447 1378 2515 sententiam
1427 2463 1497 2511 ut
1539 2447 1753 2529 paucis
1795 2447 2003 2512 verbis
2051 2448 2295 2529 emisit,
2339 2448 2423 2514 ita
2461 2449 2628 2515 dein·

770 2585 921 2650 ceps
962 2567 1251 2650 pluribus
1289 2565 1597 2644 declarat,
1654 2563 1821 2629 hunc
1879 2564 1945 2629 in
2002 2566 2251 2631 modum
2320 2565 2629 2632 Socratem

775 2682 1238 2763 interrogans..
1317 2679 1695 2761 Ignorasne,
1758 2679 1999 2763 inquit,
2065 2681 2349 2748 civitates
2399 2684 2548 2748 alias
2599 2701 2634 2747 a

775 2797 1105 2882 tyrannis,
1180 2796 1327 2861 alias
1403 2813 1438 2860 a
1514 2799 1796 2878 populo,
1865 2795 1942 2861 ab
2014 2797 2424 2878 optimatibus
2488 2799 2635 2865 item

777 2913 927 2979 alias
975 2912 1154 2994 regi?
1195 2950 1283 2965 —
1324 2911 1499 2976 Novi
1544 2913 1853 2996 equidem.
1899 2949 1989 2965 —
2028 2914 2261 2980 Nonne
2289 2916 2355 2980 in
2394 2935 2641 2999 quaque

781 3029 1035 3096 civitate
1065 3030 1130 3095 id
1167 3027 1458 3110 princeps
1500 3042 1641 3109 est,
1688 3031 1861 3111 quod
1899 3049 2028 3095 eam
2071 3031 2277 3115 regit?
2320 3068 2413 3086 —
2451 3033 2648 3121 Quid·

783 3148 905 3215 ni?
947 3134 1036 3199 -’-
1120 3145 1268 3211 Fert
1321 3161 1527 3212 autem
1589 3148 1756 3229 leges
1806 3146 2189 3229 principatus
2248 3148 2519 3230 quisque
2570 3149 2647 3213 ad

793 3283 964 3331 suam
1010 3281 1254 3345 semper
1295 3262 1660 3328 utilitatem:
1732 3262 1840 3328 ubi
1896 3281 2088 3347 penes
2149 3268 2457 3348 populum
2505 3282 2644 3345 est,

797 3384 1129 3469 populares
1179 3379 1338 3459 fert,
1429 3379 1539 3444 ubi
1588 3399 1776 3462 penes
1821 3396 2196 3466 tyrannum,
2263 3383 2645 3466 tyrannica,

796 3518 858 3568 et
908 3503 1001 3567 sic
1053 3500 1119 3564 in
1167 3495 1467 3563 caeteris:
1556 3496 1823 3578 probant
1863 3496 1954 3562 sic
1988 3511 2196 3564 autem
2229 3501 2649 3584 principatus,

795 3618 862 3683 id
900 3618 1141 3702 justum
1181 3614 1262 3679 iis
1310 3594 1447 3678 esse
1484 3612 1594 3693 qui
1640 3627 1985 3695 reguntur,
2029 3615 2203 3696 quod
2238 3614 2362 3680 sibi
2406 3618 2486 3683 sit
2532 3619 2654 3683 uti·

798 3736 898 3799 le:
993 3731 1285 3813 quocirca
1328 3730 1441 3814 qui
1494 3728 1757 3812 migrant
1816 3730 2018 3809 illud,
2078 3733 2197 3796 hos
2248 3732 2467 3816 poenis
2529 3734 2659 3800 affi-

2571 3850 2662 3915 ci·

872 3978 954 4050 (ι)
1001 3974 1083 4028 lb.
1120 3974 1218 4044 537
1243 3971 1309 4027 E.
1346 3996 1408 4011 —
1442 3972 1542 4026 338
1572 3974 1639 4026 A.
1870 3975 1949 4042 (a)
1994 3971 2081 4025 lb.
