2792 5167
950 555 1340 620 —123—3·

214 713 373 798 dat,
416 735 599 798 quam
642 727 711 787 ut
757 714 981 788 scienti
1008 731 1122 783 res
1162 714 1586 799 ipsas‚-quae
1624 716 1817 786 literis
1869 724 2065 812 signi-

218 830 527 915 ficantur,
590 833 654 900 in
725 832 1082 902 memoriam
1140 845 1466 900 revocent.
1553 832 1796 901 Mirum
1836 837 1899 903 id
1955 841 2061 908 ha-

216 949 373 1032 bet,
417 969 455 1015 o
500 950 812 1034 Phaedre,
858 950 1168 1036 scriptura
1208 965 1273 1017 et
1296 948 1599 1034 *picturae
1633 969 1850 1018 revera
1900 953 2088 1027 simia

206 1066 300 1132 le.
384 1066 668 1136 Plcturae
696 1068 857 1136 enim
884 1085 1083 1153 opera
1124 1080 1448 1152 tamquam
1479 1067 1758 1134 viventia
1790 1085 2070 1156 exstant3

211 1180 269 1248 si
326 1182 475 1266 quid
532 1203 687 1252 vero
736 1185 1097 1272 rogaveris,
1174 1183 1530 1254 verecunde
1597 1185 1932 1254 admodum
1988 1187 2077 1255 si-

203 1299 370 1367 lentt
456 1311 683 1387 σεμνῶς
762 1306 924 1374 πάνυ
984 1279 1162 1388 cmii·
1290 1300 1529 1367 Eadem
1604 1314 1702 1367 est
1773 1303 2073 1371 orationis

200 1415 479 1501 scriptae
536 1417 746 1484 ratio:
794 1429 979 1501 putes
1038 1415 1271 1499 aliquid
1324 1415 1525 1501 ipsam
1551 1430 1851 1499 tanquam
1891 1420 2082 1488 intel-

198 1530 507 1616 ligentem
568 1531 822 1613 dicere3
900 1550 1117 1598 verum
1173 1531 1231 1598 si
1287 1531 1528 1600 sciendi
1583 1534 1813 1602 avidus
1863 1536 1939 1603 ab
2007 1557 2078 1607 ea

200 1646 518 1716 dictorum
553 1646 792 1732 aliquid
820 1647 1271 1730 sciscitaberis,
1316 1649 1481 1715 idem
1512 1668 1762 1735 semper
1786 1668 1851 1720 et
1881 1674 2074 1722 unum

198 1764 560 1853 significat,
605 1766 813 1833 omnis
836 1781 1153 1851 praeterea
1168 1784 1376 1834 sermo
1388 1786 1540 1836 cum
1573 1770 1764 1837 semel
1799 1772 2074 1857 scriptus

193 1897 355 1967 est,
399 1883 634 1968 passim
678 1883 962 1950 volvitur
998 1897 1119 1949 tam
1160 1883 1327 1967 apud
1371 1882 1840 1970 intelligentes,
1884 1908 2074 1971 quam

189 2000 370 2087 apud
420 2000 621 2082 alios,
670 1999 903 2083 quibus
968 1999 1222 2068 minime
1285 2000 1636 2084 convenit,
1698 2016 1764 2068 et
1819 2004 2067 2087 nescit,

192 2119 436 2205 quibus
472 2118 684 2186 dicere
746 2131 1031 2201 oporteat
1054 2164 1080 2199 ‚
1127 2115 1360 2201 quibus
1423 2136 1553 2184 non
1611 2134 1928 2204 oporteat.
1972 2157 2066 2175 —

195 2236 325 2304 His
384 2235 686 2303 adductus
740 2236 1088 2302 rationibus
1140 2235 1517 2316 reprobasse
1546 2235 1801 2303 videtur
1846 2240 2115 2306 Socra·.

188 2369 288 2423 tes
341 2353 769 2437 sophistarum
825 2351 891 2415 in
938 2349 1269 2414 scribendo
1313 2349 1721 2414 temeritatem
1739 2395 1766 2429 ‚
1809 2352 2077 2435 ipseque

188 2469 541 2553 scripsisse.
576 2466 758 2533 nihil.
823 2463 1074 2551 Quodsi
1118 2462 1471 2545 quaerimus
1495 2509 1519 2544 ,
1566 2462 1720 2545 quid
1752 2464 1860 2531 ille
1892 2485 2077 2553 agen-

188 2588 354 2656 dum
408 2581 799 2669 philosopho
850 2579 1213 2663 putaverit,
1255 2595 1318 2645 et
1379 2581 1708 2661 quomodo
1752 2581 1928 2648 Plato
1991 2586 2069 2653 ad

189 2700 577 2773 scribendos
628 2697 911 2780 dialogos
960 2693 1294 2760 accesserit
1316 2740 1340 2775 ,
1386 2692 1454 2758 id
1503 2712 1580 2760 ex
1619 2696 1921 2779 proximis
1958 2702 2080 2765 hu-

182 2825 309 2911 jus
366 2813 674 2884 sermonis
726 2812 882 2879 locis
932 2824 1133 2898 patet.
1263 2809 1515 2877 Scilicet
1563 2810 1628 2876 in
1684 2811 1904 2881 :mimis
1961 2817 2079 2882 ho-

190 2929 443 3009 minum
497 2930 822 3012 scribere,
862 2946 994 2995 non
1046 2928 1115 2993 in
1173 2925 1395 3008 libris,
1443 2941 1512 2993 ut
1571 2927 1634 2994 in
1691 2928 1967 3015 tabulis,
2017 2934 2079 3002 id

189 3050 573 3142 philosophi
629 3047 891 3135 putabat
944 3064 1174 3112 munus
1231 3062 1371 3111 esse
1398 3045 1752 3128 Socrates,
1804 3050 2074 3122 alterum

192 3170 521 3257 sophistae
596 3166 921 3253 cujusdam
994 3163 1137 3231 sive
1178 3164 1479 3232 rhetoris.
1565 3167 1916 3235 Audiamus
1976 3170 2074 3255 ip·

196 3307 341 3358 sum
398 3304 617 3373 porro·
708 3281 937 3371 Quid?
996 3278 1123 3361 ait,
1168 3294 1410 3365 praeter
1472 3281 1782 3365 scriptum
1832 3272 2077 3351 ‘sermo-

204 3421 352 3473 nem
395 3415 611 3472 nonne
666 3379 857 3468 alium
919 3398 1174 3479 cernis,
1258 3397 1450 3483 hujus
1515 3397 1830 3484 geminum
1854 3445 1880 3480 ‚
1965 3400 2080 3465 sed

202 3517 566 3599 meliorem,
640 3516 1065 3602 potentiorem
1088 3515 1123 3582 ⁴?
1204 3547 1300 3570 --
1381 3512 1588 3601 Quem
1671 3513 1920 3580 tandem
2006 3513 2081 3579 il·

202 3635 396 3706 lum?
458 3667 553 3686 -
610 3633 826 3713 Eum,
891 3632 1147 3714 inquit,
1212 3631 1324 3712 qui
1379 3629 1445 3696 in
1502 3630 1713 3695 animo
1771 3627 2069 3697 discentis

195 3771 349 3822 cum
390 3749 647 3816 scientia
684 3747 1020 3820 scribitur:
1068 3748 1122 3814 is
1157 3747 1407 3813 demum
1441 3746 1696 3812 sibimet
1736 3745 1876 3829 ipse
1895 3750 2070 3817 auxi·

198 3870 335 3939 liari
380 3847 602 3956 potest
632 3882 696 3933 et
724 3866 955 3934 'dicere
999 3879 1062 3933 et
1107 3880 1311 3931 tacere
1365 3863 1533 3945 apud
1569 3881 1733 3945 quos
1788 3881 2065 3949 oportet.

204 3983 334 4054 Hic
389 3985 752 4057 Phaedrus:
817 3992 920 4058 ’τὸν
962 3975 1066 4055 φοῦ
1122 3987 1337 4059 εἰδότος
1389 3985 1569 4065 λόγον
1623 3987 1824 4068 λέγεις
1872 3989 2067 4072 ζῶντα

200 4108 301 4178 καὶ
347 4107 664 4194 ἔμψυχον·
726 4104 797 4177 οὔ
863 4107 892 4175 ὃ
944 4101 1373 4190 γεγραμμένος
1430 4103 1663 4196 εἴδωλον
1710 4104 1786 4172 ἄν
1844 4129 1904 4171 τι
1965 4103 2070 4167 λέ·

1903 4237 2067 4296 yon-0
