2792 5167
1459 493 1800 557 ...28-

689 669 974 740 lucentis
1012 667 1401 754 perspiciens
1418 716 1444 752 ‚
1488 671 1864 753 optimarum
1906 689 2108 737 rerum
2148 670 2371 739 studiis
2418 674 2588 755 ple--

685 767 838 855 num
875 802 938 853 et
980 784 1162 869 quasi
1209 785 1579 870 gravidum:
1623 793 1991 867 Ὠδίνεις
2045 792 2242 872 γὰρ,
2294 787 2557 871 inquit,

683 902 729 973 ὦ
788 904 999 987 Φίλε
1056 905 1517 982 etate-nrt,
1583 906 1709 972 διὰ
1763 907 1848 972 τὸ
1905 908 2005 985 μὴ
2065 907 2289 981 κενὸς
2350 900 2554 974 ἀλλ’

682 1023 1075 1103 ἐγκύμων
1147 1017 1392 1088 εἶναι.
1504 1017 1949 1085 Parturt‘s
2027 1021 2454 1103 scilicet,
2521 1041 2558 1085 o

682 1137 949 1201 amice
989 1135 1508 1215 Theaeteto,
1568 1149 2040 1223 propterea
2098 1133 2330 1223 quo'd
2385 1157 2556 1205 non
2608 1113 2615 1124 ι

682 1272 1007 1321 vacuus
1075 1249 1407 1335 es,sed
1459 1268 1984 1340 praegnans.

769 1369 877 1437 Sic
940 1388 1148 1437 sermo
1203 1370 1490 1455 procedit
1544 1369 1651 1436 ille
1673 1416 1698 1451 ‚
1773 1384 1950 1435 totus
2011 1370 2090 1435 ad
2148 1369 2550 1437 excitandum

685 1487 871 1573 pueri
934 1486 1255 1573 ingenium
1323 1486 1873 1567 accommodatum,
1948 1505 2021 1552 ac
2081 1485 2325 1571 profert
2377 1486 2559 1554 dein·

681 1624 838 1689 ceps
881 1604 1266 1674 Theaetetus
1307 1619 1371 1668 et
1416 1603 1597 1685 quasi
1637 1603 1802 1686 parit
1846 1603 2099 1688 ingenio
2140 1604 2339 1671 varias
2376 1604 2559 1672 iden-

682 1720 874 1786 tidem
933 1717 1229 1788 scientiae
1283 1717 1711 1785 definitiones.
1801 1718 1926 1784 Sed
1975 1719 2164 1786 nobis
2222 1721 2327 1787 hic
2366 1723 2563 1804 paul·

686 1837 881 1922 lisper
943 1835 1440 1904 subsistendum.
1530 1835 1853 1903 Sententia
1910 1836 2074 1903 enim
2134 1836 2282 1904 haec
2327 1837 2559 1905 Socra·

687 1954 810 2036 tis,
852 1954 1250 2040 paucissimis
1288 1951 1502 2020 verbis
1558 1971 1744 2035 quam
1798 1952 2065 2037 plurima
2128 1968 2191 2018 et
2251 1953 2559 2035 gravissi-

684 2091 782 2141 ma
821 2071 1195 2150 continens,
1259 2069 1567 2154 ejusmodi
1626 2082 1770 2150 est,
1816 2085 1932 2149 ut,
1992 2069 2145 2151 quid
2196 2069 2422 2140 efficiat
2479 2072 2553 2138 in

683 2201 943 2274 pectore
1010 2185 1284 2252 hominis
1342 2188 1481 2253 veri
1520 2205 1743 2265 amor,
1823 2185 2285 2269 percipiendum
2354 2188 2551 2256 nobis

683 2291 976 2391 praeb'eat
999 2351 1025 2385 ‚
1089 2316 1225 2368 tum
1300 2302 1554 2369 inducat
1610 2303 1753 2368 nos‘
1789 2318 2020 2385 sponte
2072 2303 2138 2369 in
2193 2287 2556 2375 Socraticae

686 2421 1053 2506 disciplinae
1085 2419 1386 2487 rationem
1418 2466 1444 2501 ‚
1483 2419 1934 2488 nobilissimam
1975 2421 2347 2506 philosophi
2401 2452 2554 2509 μαι-

689 2544 966 2619 mmm,
1029 2557 1215 2621 quam
1278 2537 1419 2622 ipse
1470 2556 1619 2606 mox
1668 2537 1957 2605 Socrates
2017 2552 2082 2604 et
2137 2538 2550 2623 expositurus
2608 2554 2615 2558 ·

686 2656 1040 2724 Theaeteto
1090 2670 1190 2722 est
1241 2669 1306 2722 et
1362 2654 1726 2741 praegnanti
1781 2655 2030 2740 juvenis
2080 2654 2335 2741 ingenio
2374 2658 2553 2726 adhi-

688 2773 966 2841 biturus.
1054 2773 1295 2839 Verum
1352 2786 1584 2856 sponte
1640 2773 1747 2839 hic
1788 2772 2187 2855 quaerimus:
2232 2775 2398 2842 unde
2449 2776 2549 2845 hic

685 2890 755 2957 in
797 2908 1000 2974 puero
1051 2889 1188 2955 veri
1244 2888 1468 2954 amor?
1512 2889 1680 2955 unde
1721 2887 1930 2958 hausit
1955 2937 1981 2971 ‚
2024 2909 2187 2973 quae
2220 2893 2396 2974 edit,
2451 2912 2549 2960 re·

685 3005 973 3089 sponsa?
1015 3002 1276 3068 omnino
1334 3003 1493 3087 quid
1548 3002 1785 3072 discere
1832 3007 1986 3074 est?
2040 3008 2175 3075 sive
2195 3055 2219 3090 ‚
2263 3028 2385 3091 qua
2427 3011 2542 3076 ho·

684 3137 793 3187 mo
841 3117 1084 3184 ratione
1115 3161 1121 3167 -
1142 3136 1256 3202 per
1313 3134 1513 3186 semet
1568 3120 1747 3204 ipse,
1813 3123 1949 3189 veri
2001 3126 2227 3192 ductus
2284 3145 2489 3193 amore
2513 3175 2540 3209 ‚

679 3235 767 3304 ad
821 3236 1330 3321 cognoscendum
1387 3238 1728 3321 procedit?
1793 3240 1968 3309 Haec
2023 3244 2199 3328 prius
2250 3244 2542 3311 videntur

686 3355 1103 3441 exploranda,
1169 3372 1405 3437 quam,
1469 3357 1623 3439 quid
1677 3356 1763 3424 sit
1822 3358 2084 3441 docere,
2142 3359 2316 3442 sive,
2380 3380 2545 3444 quae

685 3481 1038 3562 μαιευτικῆς
1093 3472 1252 3540 ratio
1305 3472 1433 3554 sit,
1485 3472 1958 3557 investigemus.
2063 3475 2318 3544 Relicto
2359 3477 2550 3564 igitur

680 3611 828 3659 cum
875 3571 1222 3658 Th'eodoro
1275 3605 1339 3657 et
1388 3591 1649 3659 Socrate
1706 3591 2056 3661 Theaeteto
2079 3642 2103 3677 ‚
2148 3594 2549 3682 gravissimas

682 3703 796 3769 has
838 3707 1275 3789 quaestiones,
1319 3707 1383 3775 in
1433 3708 1666 3791 quibus
1726 3709 1933 3795 ipsum
1985 3714 2192 3799 agitur
2238 3717 2550 3804 cognitio·

680 3817 782 3883 nis
801 3817 1121 3892 'humanae
1164 3825 1368 3892 omnis
1418 3827 1829 3914 principium,
1877 3830 2017 3898 data
2078 3839 2273 3918 opera
2331 3834 2547 3916 explo-

684 3951 915 4004 remus.

1266 4121 1295 4144 b·
1304 4121 1474 4147 εσυ-..υ

2327 4178 2555 4266 Quid
