2792 5167
955 472 1344 537 ..229-

197 637 360 708 hanc
425 655 708 708 caussam
774 651 1107 723 praestare
1170 652 1422 704 nostrae
1480 637 1761 724 civitatis
1829 633 2066 706 statuui

186 757 461 824 caeteris
505 755 869 822 civitatibus
883 797 911 838 ,
971 752 1140 844 quod
1191 755 1265 819 in
1321 753 1452 819 illis
1513 753 1749 839 singuli
1789 754 2072 842 fuissent

174 870 334 956 fere
349 916 375 953 ‚
442 890 709 956 quorum
752 892 929 938 suam
984 874 1255 964 quisque·
1302 891 1437 937 rem
1491 871 1804 958 publicam
1844 874 2069 938 eonsti-

196 995 463 1054 tuissent
517 985 750 1074 legibus
809 1001 1000 1074 atque
1054 990 1363 1054 institutis
1425 990 1552 1054 suis
1569 1031 1597 1070 ‚
1678 1003 1753 1053 ut
1804 983 2066 1054 Cretum

202 1102 421 1169 Minos
437 1148 463 1184 ,
498 1101 1128 1170 Lacedaemoniorum
1151 1103 1524 1190 Lyeurgus,
1557 1103 2023 1171 Atheniensittm
2047 1149 2075 1186 ,

198 1239 371 1308 quae
399 1237 692 1309 persaepe
738 1234 1127 1288 commutata
1164 1234 1313 1288 esset
1327 1266 1352 1301 ‚
1410 1235 1545 1287 tunt
1585 1220 1841 1290 Theseus
1860 1266 1887 1301 ,
1927 1234 2064 1288 tum
2134 1303 2141 1314 ·

200 1335 429 1404 Draco
444 1379 471 1420 ,
511 1349 646 1402 tum
683 1336 825 1403 Solo
842 1383 867 1418 ‚
908 1350 1044 1402 tum
1083 1334 1420 1406 Clisthenes
1440 1383 1466 1419 ,
1504 1353 1639 1406 tum
1675 1339 1866 1405 multi
1904 1338 2027 1404 alii
2039 1384 2066 1420 ,

196 1469 505 1542 postremo
561 1474 933 1542 exsanguem
981 1455 1129 1540 jam
1196 1469 1261 1521 et
1300 1455 1619 1536 jacentem
1681 1454 1896 1524 doctus
1959 1457 2078 1524 vir·

199 1570 548 1640 Phalereus
613 1585 1009 1638 sustentasset
1071 1572 1427 1640 Demetrius
1443 1596 1474 1658 ,·
1576 1588 1799 1644 nostra
1852 1588 2065 1639 autem

196 1707 300 1756 res
356 1689 608 1775 publica
647 1709 769 1754 non
803 1692 989 1756 unius
1022 1703 1173 1756 esset
1209 1691 1457 1776 ingenio
1475 1735 1504 1772 ‚
1541 1685 1655 1758 sed
1681 1690 2020 1760 multorum
2038 1721 2065 1772 ς

199 1827 311 1874 nec
364 1807 502 1872 und
552 1806 817 1874 hominis
868 1805 1017 1871 vitd
1032 1852 1059 1887 ‚
1117 1804 1229 1872 sed
1262 1806 1505 1895 aliquot
1553 1811 1895 1875 constituta
1935 1828 2072 1873 sae·

195 1924 356 1991 culis
414 1938 476 1989 et
526 1920 864 1990 aetatibus.
998 1923 1179 1988 Nam
1236 1943 1433 2012 neque
1493 1924 1691 1992 ullum
1745 1928 2062 2012 ingenium

196 2055 449 2106 tantum
495 2042 802 2110 exstitisse
844 2038 1090 2108 dicebat
1109 2084 1136 2122 ,
1190 2055 1264 2107 ut
1280 2087 1306 2122 ‚
1345 2061 1525 2130 quem
1578 2063 1679 2109 res
1719 2042 1902 2108 nulla
1947 2044 2069 2130 fu·

186 2172 377 2242 geret
393 2202 420 2238 ,
480 2160 808 2246 quisquam
876 2156 1221 2246 aliquando
1255 2159 1532 2244 fuisset,
1597 2178 1790 2246 neque
1833 2173 2064 2226 cuncta

198 2275 459 2360 ingenia
506 2274 739 2340 collata
779 2277 852 2339 in
893 2294 1088 2342 unum
1126 2287 1380 2343 tantum
1415 2293 1586 2364 posse
1632 2295 1758 2342 uno
1792 2292 2062 2366 tempore

192 2387 559 2478 providere,
624 2405 697 2456 ut
760 2395 969 2458 omnia
1026 2390 1580 2482 complecterentur
1651 2393 1786 2460 sine
1846 2411 2064 2459 rerum

196 2527 317 2574 usu
362 2526 443 2573 ae
483 2521 815 2575 vetustate.
902 2505 1149 2610 Quam.
1162 2505 1239 2575 ob
1276 2527 1409 2576 rem
1427 2552 1454 2589 ‚
1497 2522 1571 2575 ut
1622 2509 1731 2574 ille
1788 2508 2016 2578 solebat
2033 2555 2062 2590 ‚

186 2625 294 2689 ita
354 2643 521 2692 nunc
574 2644 716 2694 mea
777 2640 1015 2716 repetet
1076 2629 1281 2693 oratio
1334 2625 1554 2715 populi
1625 2647 1659 2692 o
1675 2627 2019 2710 riginens
2036 2644 2066 2692 .-

188 2739 457 2808 libenter
490 2742 656 2809 enim
696 2744 887 2808 etiam
929 2741 1113 2812 ⁴verbo
1151 2756 1302 2808 utor
1343 2737 1619 2814 Catonis.
1646 2739 1730 2811 (¹)
1844 2742 2063 2810 Disce-

193 2858 290 2926 dit
342 2859 497 2928 adeo
546 2876 582 2924 a
645 2858 901 2930 Platone
959 2859 1227 2929 Cicero:
1296 2876 1438 2924 nam
1495 2858 1586 2924 sic
1641 2877 1833 2942 porro
1895 2857 2065 2940 apud
2179 2897 2186 2902 ·

194 2991 341 3039 eum
378 2973 537 3041 idem
579 2972 823 3058 Scipio·
942 2974 1227 3042 Facilius
1261 2990 1477 3041 autem
1514 2972 1682 3062 quod
1717 2989 1808 3041 est
1841 2991 2065 3063 propo-

188 3089 387 3156 situm
434 3108 782 3176 consequar
795 3137 825 3171 ,
886 3093 941 3157 si
991 3107 1271 3158 nostram
1331 3111 1464 3158 rem
1523 3092 1838 3182 publicam
1901 3090 2064 3157 vobis

193 3217 261 3270 et
301 3219 644 3272 nascentem
691 3220 754 3272 et
794 3223 1159 3274 crescentem
1212 3221 1279 3273 et
1329 3205 1616 3273 adultam
1670 3220 1732 3272 et
1752 3206 1904 3290 jam
1935 3203 2061 3290 fir·

195 3340 367 3387 snam
440 3337 631 3410 atque
707 3322 1023 3392 robustam
1086 3321 1406 3392 ostendero
1424 3369 1451 3404 ‚
1535 3343 1725 3409 quam
1790 3325 1848 3387 si
1909 3324 2066 3388 mihi
2172 3337 2184 3350 ‘

189 3438 475 3524 aliquam
489 3485 516 3523 ,
577 3455 651 3508 ut
703 3438 881 3528 apud
921 3440 1248 3508 Platonem
1303 3439 1590 3507 Socrates
1611 3481 1640 3520 ,
1699 3440 1828 3525 ipse
1858 3435 2060 3517 finxe-

194 3574 295 3622 ro·
325 3552 408 3623 (²)

272 3672 397 3742 Est
433 3673 668 3756 igitur,
732 3686 807 3740 ut
858 3690 935 3742 ex
982 3637 1158 3741 hisce
1200 3673 1346 3739 licet
1386 3670 1672 3748 efficere,
1738 3670 2058 3758 politicum

186 3788 444 3872 proprie
500 3788 829 3858 cicetonis
889 3807 1099 3872 opust
1190 3804 1251 3853 et
1310 3787 1402 3854 sic
1458 3785 1710 3869 quidem
1758 3786 2059 3852 Platonici

1302 3975 1309 3986 .
1906 3920 2061 3984 01²²·

255 4044 339 4114 (ι)
378 4042 645 4100 esame.
677 4040 748 4102 1..
774 4042 858 4100 u.
894 4059 944 4098 ο.
968 4044 1015 4097 1.
1151 4041 1239 4113 (ι)
1282 4041 1369 4097 ιιι.
1405 4041 1533 4100 ωσι.

1102 4143 1133 4207 1
