2792 5167
1434 441 1825 504 -170—
2328 458 2343 511 ‚

698 620 770 675 se
829 605 956 677 hoc
1004 602 1324 687 proprium
1385 604 1634 670 videtur
1684 603 1892 687 ipsius
1950 604 2247 692 ingenio,
2290 619 2369 683 ut,
2402 606 2565 696 nihil

697 723 819 787 rite
866 719 1223 805 explicitum
1277 722 1804 805 propositumque
1852 720 2297 807 arbitraretur,
2357 738 2573 791 antem.

699 857 885 921 quam
928 839 997 903 id
1035 838 1236 904 oculis
1277 839 1653 923 subjecisset
1700 839 2084 924 legentium,
2132 840 2288 923 quin
2321 841 2512 907 etiam
2541 888 2567 922 ,

700 969 772 1025 ut
805 954 873 1019 in
922 953 1239 1036 dramate,
1283 955 1476 1023 vitam
1510 956 1566 1021 ei
1606 971 1978 1039 motumque
2030 957 2327 1024 dedisset.
2418 960 2469 1026 F
2475 958 2575 1024 in<

693 1089 866 1141 xerat
910 1072 975 1137 in
1031 1072 1258 1137 Politia
1323 1072 1603 1155 optimos
1664 1072 1940 1140 civitatis
1990 1077 2285 1142 custodes
2306 1123 2333 1156 ,
2397 1074 2575 1159 opti-

693 1209 834 1269 mos
884 1189 1200 1273 principes
1223 1236 1248 1270 ,
1315 1188 1430 1271 qui
1485 1189 1723 1277 optima
1780 1191 2019 1257 ratione
2074 1210 2203 1257 rem
2245 1192 2573 1275 publicam

689 1306 1095 1375 defenderent
1133 1323 1322 1389 atque
1361 1308 1883 1374 ministrarent.
1971 1307 2223 1394 Quibus
2262 1308 2573 1377 omnibus

692 1442 837 1509 apte
889 1425 1222 1510 descriptis
1253 1442 1317 1491 et
1349 1441 1663 1508 tamquam
1698 1425 1766 1491 in
1816 1424 2025 1492 tabula
2064 1423 2449 1493 adumbratis
2494 1444 2571 1498 ac

693 1542 1011 1629 depictis,
1056 1559 1295 1610 tantum
1343 1543 1597 1626 aberat,
1661 1559 1736 1609 ut
1779 1544 1901 1610 hoc
1953 1542 2079 1627 ipsi
2133 1539 2519 1609 satisfaceret
2542 1586 2573 1621 ,

695 1678 768 1728 ut
806 1666 1121 1729 Socratem
1156 1661 1223 1726 in
1275 1661 1542 1727 Timaeo
1584 1663 1889 1729 dicentem
1926 1660 2204 1727 inducat.
2271 1706 2326 1742 ,‚
2368 1658 2578 1727 Andi-

695 1794 758 1842 te
815 1780 941 1863 jam
989 1781 1068 1845 de
1113 1778 1414 1857 civitate,
1460 1797 1644 1859 quam
1709 1777 2157 1858 obsolvimuS,
2242 1776 2578 1857 quomodo

690 1912 833 1976 erga
889 1914 1021 1960 eam
1077 1892 1340 1960 affectus
1379 1893 1527 1962 sim.
1612 1893 1829 1962 Simile
1891 1894 2044 1978 quid
2082 1892 2239 1959 milri
2291 1891 2573 1987 accidit,

689 2033 760 2083 ac
797 2013 853 2078 si
891 2012 1038 2095 quis
1075 2012 1358 2079 animalia
1398 2011 1631 2079 alicubi
1673 2015 1890 2096 pulcra
1927 2011 2391 2095 contemplatus
2418 2056 2445 2092 ‚
2489 2009 2581 2075 si-

688 2150 767 2197 ve
825 2130 1147 2215 pingendo
1210 2130 1568 2211 elaborata,
1634 2129 1771 2196 sive
1799 2106 2024 2211 'viva,
2087 2130 2199 2195 sed
2259 2126 2572 2215 immota,
2635 2128 2649 2139 '

690 2251 906 2334 cupiat
953 2249 1059 2314 illa
1113 2262 1176 2314 et
1231 2249 1300 2314 in
1352 2265 1531 2314 motu
1587 2249 1869 2331 spectare
1935 2261 1999 2312 et
2050 2260 2361 2313 certamen
2403 2243 2573 2329 ipsis

686 2365 1070 2433 conveniens
1133 2382 1357 2433 mutuo
1419 2365 1719 2431 ineuntis.
1823 2363 2057 2431 Pariter
2087 2380 2257 2429 nunc
2312 2380 2434 2447 ego
2476 2362 2576 2429 ci-

690 2502 800 2549 ves
855 2483 1000 2548 illos
1045 2482 1251 2565 gestio
1304 2481 1372 2547 in
1411 2481 1658 2549 actione
1724 2478 2175 2564 contemplari,
2215 2470 2568 2545 nari-antem

686 2612 873 2682 ‘quem
911 2598 1172 2695 sudiens
1230 2598 1608 2679 certamina,
1651 2617 1812 2679 quae
1845 2596 1955 2663 tali
2006 2595 2191 2678 digna
2237 2613 2301 2660 er
2338 2596 2571 2661 educa-

686 2718 863 2785 tione
899 2732 986 2799 ‘et
1044 2716 1417 2801 disciplina,
1465 2732 1588 2782 tam
1651 2714 1915 2781 dicendo
1943 2760 1967 2795 ,
2023 2730 2209 2796 quam
2270 2713 2514 2796 agendo
2540 2759 2573 2795 ,

681 2830 828 2903 cum
889 2834 1051 2903 eliis
1107 2835 1473 2902 civitatibus
1548 2832 1967 2901 committant.
1993 2832 2041 2862 ’³
2083 2829 2147 2878 (¹)
2234 2829 2516 2899 Omnino
2541 2876 2571 2912 ,

685 2973 846 3036 quae
922 2970 1052 3021 arte
1128 2954 1441 3021 effinxerat
1491 2954 1671 3021 Plato
1730 2952 2041 3034 uniceque
2096 2948 2519 3018 admirabatur
2538 2998 2565 3033 ,

687 3070 1110 3151 Pygmalionis
1144 3071 1386 3150 instar,
1431 3086 1670 3137 motum
1713 3070 1812 3135 his
1846 3086 1911 3135 et
1945 3068 2137 3136 vitam
2176 3066 2388 3135 indere
2426 3081 2570 3147 stu-

683 3184 905 3251 debat:
950 3203 1068 3251 nec
1117 3189 1326 3253 solum
1387 3187 1510 3252 hoc
1570 3185 1901 3270 proposito
1973 3182 2238 3251 Critian
2283 3181 2571 3271 instituit

678 3300 996 3377 scribere.
1033 3301 1149 3367 sed
1172 3346 1196 3381 ,
1242 3299 1310 3366 in
1348 3301 1611 3367 caeteris
1644 3301 1875 3384 pariter
1905 3297 2572 3384 dialogis‚formosis-

682 3416 881 3486 simos
937 3434 1230 3502 quosque
1281 3432 1343 3483 et
1402 3416 1683 3500 optimos
1729 3419 2157 3485 adolescentes
2211 3414 2311 3482 sic
2366 3415 2566 3485 nobis

678 3536 1017 3604 scribendo
1072 3532 1558 3619 repraesentavit
1582 3580 1610 3617 ,
1652 3548 1725 3602 ut
1762 3553 1873 3603 eos
1924 3533 2278 3603 etiamnunc
2331 3534 2571 3604 viven-

682 3671 778 3723 tes
831 3670 1217 3741 agentesque
1250 3652 1571 3737 adspicere
1605 3668 1669 3719 et
1705 3671 1849 3720 cum
1894 3652 2154 3720 Socrate
2189 3653 2566 3736 colloquen-

683 3788 782 3841 tes
823 3774 1040 3841 audire
1087 3773 1438 3841 videamur.
1521 3773 1759 3858 Itaque.
1792 3772 1965 3856 quod
2009 3772 2088 3839 ab
2133 3768 2317 3839 initio
2380 3766 2563 3837 insti-

757 3966 760 3969 ,
2438 3881 2560 3951 ‘tui-

759 4020 842 4088 (ι)
882 4017 1027 4105 'rins
1066 4037 1148 4091 ¹9·
1189 4021 1250 4074 Β.
