<?xml version="1.0" encoding="UTF-8"?>
<!DOCTYPE html PUBLIC "-//W3C//DTD XHTML 1.0 Transitional//EN"
    "http://www.w3.org/TR/xhtml1/DTD/xhtml1-transitional.dtd">
<html xmlns="http://www.w3.org/1999/xhtml" xml:lang="en" lang="en">
 <head>
  <title>
</title>
<meta http-equiv="Content-Type" content="text/html;charset=utf-8" />
  <meta name='ocr-system' content='tesseract 3.04.00' />
  <meta name='ocr-capabilities' content='ocr_page ocr_carea ocr_par ocr_line ocrx_word'/>
</head>
<body>
  <div class='ocr_page' id='page_1' title='image "./initiaphilosoph05heusgoog_0432.png"; bbox 0 0 2792 5167; ppageno 0'>
   <div class='ocr_carea' id='block_1_1' title="bbox 983 415 1332 484">
    <p class='ocr_par' dir='ltr' id='par_1_1' title="bbox 983 415 1332 484">
     <span class='ocr_line' id='line_1_1' title="bbox 983 415 1332 484; baseline -0.006 -30"><span class='ocrx_word' id='word_1_1' title='bbox 983 415 1332 484; x_wconf 64' lang='grc'>...33-</span> 
     </span>
    </p>
   </div>
   <div class='ocr_carea' id='block_1_2' title="bbox 173 573 2173 4140">
    <p class='ocr_par' dir='ltr' id='par_1_2' title="bbox 221 573 2079 667">
     <span class='ocr_line' id='line_1_2' title="bbox 221 573 2079 667; baseline 0.002 -23"><span class='ocrx_word' id='word_1_2' title='bbox 221 573 326 645; x_wconf 83' lang='lat' dir='ltr'>his</span> <span class='ocrx_word' id='word_1_3' title='bbox 384 577 653 666; x_wconf 78' lang='lat' dir='ltr'><strong>dialogis</strong></span> <span class='ocrx_word' id='word_1_4' title='bbox 701 575 942 664; x_wconf 78' lang='lat' dir='ltr'>politici</span> <span class='ocrx_word' id='word_1_5' title='bbox 964 624 991 661; x_wconf 88' lang='lat'>‚</span> <span class='ocrx_word' id='word_1_6' title='bbox 1045 577 1115 646; x_wconf 87' lang='lat' dir='ltr'>in</span> <span class='ocrx_word' id='word_1_7' title='bbox 1166 577 1403 664; x_wconf 84' lang='lat' dir='ltr'>quibus</span> <span class='ocrx_word' id='word_1_8' title='bbox 1451 577 1531 645; x_wconf 83' lang='lat' dir='ltr'>de</span> <span class='ocrx_word' id='word_1_9' title='bbox 1551 579 1736 662; x_wconf 72' lang='lat' dir='ltr'>sustu</span> <span class='ocrx_word' id='word_1_10' title='bbox 1790 575 1919 667; x_wconf 76' lang='lat' dir='ltr'>egit</span> <span class='ocrx_word' id='word_1_11' title='bbox 1968 578 2079 651; x_wconf 79' lang='lat' dir='ltr'>de-</span> 
     </span>
    </p>

    <p class='ocr_par' dir='ltr' id='par_1_3' title="bbox 216 694 2081 786">
     <span class='ocr_line' id='line_1_3' title="bbox 216 694 2081 786; baseline 0.004 -26"><span class='ocrx_word' id='word_1_12' title='bbox 216 713 348 778; x_wconf 86' lang='lat' dir='ltr'>que</span> <span class='ocrx_word' id='word_1_13' title='bbox 390 694 772 778; x_wconf 61' lang='lat' dir='ltr'>vitantibus,</span> <span class='ocrx_word' id='word_1_14' title='bbox 816 713 976 777; x_wconf 83' lang='lat' dir='ltr'>quae</span> <span class='ocrx_word' id='word_1_15' title='bbox 1020 694 1100 761; x_wconf 80' lang='lat' dir='ltr'>ad</span> <span class='ocrx_word' id='word_1_16' title='bbox 1140 694 1338 763; x_wconf 75' lang='lat' dir='ltr'>vitam</span> <span class='ocrx_word' id='word_1_17' title='bbox 1381 708 1550 762; x_wconf 87' lang='lat' dir='ltr'>recte</span> <span class='ocrx_word' id='word_1_18' title='bbox 1592 697 1928 784; x_wconf 72' lang='lat' dir='ltr'>degendam</span> <span class='ocrx_word' id='word_1_19' title='bbox 1962 718 2081 786; x_wconf 79' lang='lat' dir='ltr'>ap-</span> 
     </span>
    </p>

    <p class='ocr_par' dir='ltr' id='par_1_4' title="bbox 207 795 2073 896">
     <span class='ocr_line' id='line_1_4' title="bbox 207 795 2073 896; baseline 0.004 -21"><span class='ocrx_word' id='word_1_20' title='bbox 207 823 411 896; x_wconf 83' lang='lat' dir='ltr'>teque</span> <span class='ocrx_word' id='word_1_21' title='bbox 473 795 1376 879; x_wconf 69' lang='lat' dir='ltr'>administrandam&#39;civitatem‘</span> <span class='ocrx_word' id='word_1_22' title='bbox 1417 810 1843 896; x_wconf 72' lang='lat' dir='ltr'>requrmntur.</span> <span class='ocrx_word' id='word_1_23' title='bbox 1944 815 2073 884; x_wconf 83' lang='lat' dir='ltr'>Est</span> 
     </span>
    </p>

    <p class='ocr_par' dir='ltr' id='par_1_5' title="bbox 210 911 2075 1016">
     <span class='ocr_line' id='line_1_5' title="bbox 210 911 2075 1016; baseline 0.003 -24"><span class='ocrx_word' id='word_1_24' title='bbox 210 925 372 995; x_wconf 77' lang='lat' dir='ltr'>haec</span> <span class='ocrx_word' id='word_1_25' title='bbox 405 928 585 1011; x_wconf 76' lang='lat' dir='ltr'>plane</span> <span class='ocrx_word' id='word_1_26' title='bbox 642 925 877 1012; x_wconf 86' lang='lat' dir='ltr'>ingenii</span> <span class='ocrx_word' id='word_1_27' title='bbox 917 927 1174 995; x_wconf 81' lang='lat' dir='ltr'>humaui</span> <span class='ocrx_word' id='word_1_28' title='bbox 1235 911 1646 1015; x_wconf 72' lang='lat' dir='ltr'>progressio,</span> <span class='ocrx_word' id='word_1_29' title='bbox 1687 930 1872 1015; x_wconf 78' lang='lat' dir='ltr'>cujus</span> <span class='ocrx_word' id='word_1_30' title='bbox 1905 932 2075 1016; x_wconf 74' lang='lat' dir='ltr'>apud</span> 
     </span>
    </p>

    <p class='ocr_par' dir='ltr' id='par_1_6' title="bbox 209 1039 2076 1131">
     <span class='ocr_line' id='line_1_6' title="bbox 209 1039 2076 1131; baseline 0.003 -23"><span class='ocrx_word' id='word_1_31' title='bbox 209 1039 519 1111; x_wconf 75' lang='lat' dir='ltr'>Batonem</span> <span class='ocrx_word' id='word_1_32' title='bbox 572 1058 640 1111; x_wconf 89' lang='lat' dir='ltr'>et</span> <span class='ocrx_word' id='word_1_33' title='bbox 683 1044 1286 1131; x_wconf 72' lang='lat' dir='ltr'>Encyclopaedistas</span> <span class='ocrx_word' id='word_1_34' title='bbox 1343 1047 1520 1116; x_wconf 79' lang='lat' dir='ltr'>nulla</span> <span class='ocrx_word' id='word_1_35' title='bbox 1582 1045 1854 1115; x_wconf 80' lang='lat' dir='ltr'>habetur</span> <span class='ocrx_word' id='word_1_36' title='bbox 1889 1047 2076 1116; x_wconf 73' lang='lat' dir='ltr'>ratio.</span> 
     </span>
    </p>

    <p class='ocr_par' dir='ltr' id='par_1_7' title="bbox 173 1158 2173 4140">
     <span class='ocr_line' id='line_1_7' title="bbox 201 1158 2082 1250; baseline 0.003 -25"><span class='ocrx_word' id='word_1_37' title='bbox 201 1158 368 1228; x_wconf 80' lang='lat' dir='ltr'>Nam</span> <span class='ocrx_word' id='word_1_38' title='bbox 422 1176 795 1246; x_wconf 81' lang='lat' dir='ltr'>praeparant</span> <span class='ocrx_word' id='word_1_39' title='bbox 836 1181 957 1229; x_wconf 82' lang='lat' dir='ltr'>nos</span> <span class='ocrx_word' id='word_1_40' title='bbox 1013 1176 1179 1231; x_wconf 79' lang='lat' dir='ltr'>artes</span> <span class='ocrx_word' id='word_1_41' title='bbox 1201 1210 1228 1247; x_wconf 87' lang='lat'>‚</span> <span class='ocrx_word' id='word_1_42' title='bbox 1291 1177 1365 1230; x_wconf 90' lang='lat' dir='ltr'>ut</span> <span class='ocrx_word' id='word_1_43' title='bbox 1408 1162 1532 1231; x_wconf 90' lang='lat' dir='ltr'>rite</span> <span class='ocrx_word' id='word_1_44' title='bbox 1566 1162 1897 1250; x_wconf 76' lang='lat' dir='ltr'>possimus</span> <span class='ocrx_word' id='word_1_45' title='bbox 1939 1183 2082 1250; x_wconf 82' lang='lat' dir='ltr'>gra·</span> 
     </span>
     <span class='ocr_line' id='line_1_8' title="bbox 197 1276 2079 1364; baseline 0.001 -20"><span class='ocrx_word' id='word_1_46' title='bbox 197 1276 493 1345; x_wconf 83' lang='lat' dir='ltr'>vioribus</span> <span class='ocrx_word' id='word_1_47' title='bbox 540 1278 889 1363; x_wconf 85' lang='lat' dir='ltr'>disciplinis</span> <span class='ocrx_word' id='word_1_48' title='bbox 935 1297 1191 1364; x_wconf 83' lang='lat' dir='ltr'>operam</span> <span class='ocrx_word' id='word_1_49' title='bbox 1234 1293 1462 1346; x_wconf 76' lang='lat' dir='ltr'>navare</span> <span class='ocrx_word' id='word_1_50' title='bbox 1485 1325 1512 1361; x_wconf 86' lang='lat'>,</span> <span class='ocrx_word' id='word_1_51' title='bbox 1572 1290 1765 1362; x_wconf 81' lang='lat' dir='ltr'>atque</span> <span class='ocrx_word' id='word_1_52' title='bbox 1815 1278 1933 1346; x_wconf 78' lang='lat' dir='ltr'>his·</span> <span class='ocrx_word' id='word_1_53' title='bbox 1977 1278 2079 1346; x_wconf 84' lang='lat' dir='ltr'>in·</span> 
     </span>
     <span class='ocr_line' id='line_1_9' title="bbox 189 1393 2079 1480; baseline 0.002 -20"><span class='ocrx_word' id='word_1_54' title='bbox 189 1393 411 1461; x_wconf 82' lang='lat' dir='ltr'>stituti</span> <span class='ocrx_word' id='word_1_55' title='bbox 455 1409 523 1462; x_wconf 92' lang='lat' dir='ltr'>et</span> <span class='ocrx_word' id='word_1_56' title='bbox 563 1395 747 1480; x_wconf 76' lang='lat' dir='ltr'>quasi</span> <span class='ocrx_word' id='word_1_57' title='bbox 806 1393 1036 1461; x_wconf 87' lang='lat' dir='ltr'>nutriti</span> <span class='ocrx_word' id='word_1_58' title='bbox 1088 1413 1161 1460; x_wconf 84' lang='lat' dir='ltr'>ac</span> <span class='ocrx_word' id='word_1_59' title='bbox 1217 1394 1610 1464; x_wconf 79' lang='lat' dir='ltr'>corroborati</span> <span class='ocrx_word' id='word_1_60' title='bbox 1628 1440 1654 1476; x_wconf 86' lang='lat'><strong>,</strong></span> <span class='ocrx_word' id='word_1_61' title='bbox 1698 1394 1789 1461; x_wconf 79' lang='lat' dir='ltr'>sic</span> <span class='ocrx_word' id='word_1_62' title='bbox 1825 1396 2079 1463; x_wconf 85' lang='lat' dir='ltr'>demum</span> 
     </span>
     <span class='ocr_line' id='line_1_10' title="bbox 195 1507 2078 1595; baseline 0 -19"><span class='ocrx_word' id='word_1_63' title='bbox 195 1530 557 1595; x_wconf 77' lang='lat' dir='ltr'>possumus</span> <span class='ocrx_word' id='word_1_64' title='bbox 594 1511 662 1577; x_wconf 87' lang='lat' dir='ltr'>in</span> <span class='ocrx_word' id='word_1_65' title='bbox 695 1507 891 1578; x_wconf 86' lang='lat' dir='ltr'>rebus</span> <span class='ocrx_word' id='word_1_66' title='bbox 935 1509 1231 1578; x_wconf 75' lang='lat' dir='ltr'>civilibus</span> <span class='ocrx_word' id='word_1_67' title='bbox 1269 1525 1416 1595; x_wconf 82' lang='lat' dir='ltr'><strong>apte</strong></span> <span class='ocrx_word' id='word_1_68' title='bbox 1450 1510 1783 1578; x_wconf 77' lang='lat' dir='ltr'>consulere</span> <span class='ocrx_word' id='word_1_69' title='bbox 1827 1508 2078 1578; x_wconf 80' lang='lat' dir='ltr'>civibus</span> 
     </span>
     <span class='ocr_line' id='line_1_11' title="bbox 199 1615 2082 1712; baseline 0.002 -19"><span class='ocrx_word' id='word_1_70' title='bbox 199 1625 480 1694; x_wconf 71' lang='lat' dir='ltr'>nostris,</span> <span class='ocrx_word' id='word_1_71' title='bbox 569 1627 665 1696; x_wconf 91' lang='lat' dir='ltr'>Ut</span> <span class='ocrx_word' id='word_1_72' title='bbox 704 1642 914 1694; x_wconf 81' lang='lat' dir='ltr'>autem</span> <span class='ocrx_word' id='word_1_73' title='bbox 959 1627 1072 1695; x_wconf 88' lang='lat' dir='ltr'>ille</span> <span class='ocrx_word' id='word_1_74' title='bbox 1105 1615 1481 1709; x_wconf 86' lang='lat' dir='ltr'>scribendo,</span> <span class='ocrx_word' id='word_1_75' title='bbox 1522 1639 1759 1712; x_wconf 73' lang='lat' dir='ltr'>sponte</span> <span class='ocrx_word' id='word_1_76' title='bbox 1789 1625 1883 1694; x_wconf 77' lang='lat' dir='ltr'>sic</span> <span class='ocrx_word' id='word_1_77' title='bbox 1925 1630 2082 1711; x_wconf 63' lang='lat' dir='ltr'>sui,</span> 
     </span>
     <span class='ocr_line' id='line_1_12' title="bbox 194 1723 2079 1830; baseline 0 -20"><span class='ocrx_word' id='word_1_78' title='bbox 194 1759 467 1812; x_wconf 78' lang='lat' dir='ltr'>naturae</span> <span class='ocrx_word' id='word_1_79' title='bbox 508 1743 672 1810; x_wconf 81' lang='lat' dir='ltr'>viam</span> <span class='ocrx_word' id='word_1_80' title='bbox 716 1758 785 1811; x_wconf 90' lang='lat' dir='ltr'>et</span> <span class='ocrx_word' id='word_1_81' title='bbox 831 1744 1341 1830; x_wconf 72' lang='lat' dir='ltr'>progressionem</span> <span class='ocrx_word' id='word_1_82' title='bbox 1396 1723 1656 1809; x_wconf 70' lang='lat' dir='ltr'>secutus</span> <span class='ocrx_word' id='word_1_83' title='bbox 1701 1755 1840 1824; x_wconf 73' lang='lat' dir='ltr'>est,</span> <span class='ocrx_word' id='word_1_84' title='bbox 1881 1742 1966 1811; x_wconf 71' lang='lat' dir='ltr'>ita</span> <span class='ocrx_word' id='word_1_85' title='bbox 2010 1742 2079 1810; x_wconf 89' lang='lat' dir='ltr'>in</span> 
     </span>
     <span class='ocr_line' id='line_1_13' title="bbox 197 1858 2074 1946; baseline 0 -19"><span class='ocrx_word' id='word_1_86' title='bbox 197 1859 566 1928; x_wconf 86' lang='lat' dir='ltr'>erudiendis</span> <span class='ocrx_word' id='word_1_87' title='bbox 608 1861 1000 1946; x_wconf 78' lang='lat' dir='ltr'>juvenibus,</span> <span class='ocrx_word' id='word_1_88' title='bbox 1044 1878 1210 1944; x_wconf 89' lang='lat' dir='ltr'>quos</span> <span class='ocrx_word' id='word_1_89' title='bbox 1256 1859 1518 1927; x_wconf 69' lang='lat' dir='ltr'>summIS</span> <span class='ocrx_word' id='word_1_90' title='bbox 1570 1858 1637 1925; x_wconf 86' lang='lat' dir='ltr'>in</span> <span class='ocrx_word' id='word_1_91' title='bbox 1690 1877 1762 1927; x_wconf 84' lang='lat' dir='ltr'>re</span> <span class='ocrx_word' id='word_1_92' title='bbox 1800 1858 2074 1944; x_wconf 78' lang='lat' dir='ltr'>publica</span> 
     </span>
     <span class='ocr_line' id='line_1_14' title="bbox 191 1976 2073 2062; baseline 0.001 -18"><span class='ocrx_word' id='word_1_93' title='bbox 191 1976 555 2044; x_wconf 85' lang='lat' dir='ltr'>honoribus</span> <span class='ocrx_word' id='word_1_94' title='bbox 599 1976 951 2045; x_wconf 81' lang='lat' dir='ltr'><strong>destinabat</strong></span> <span class='ocrx_word' id='word_1_95' title='bbox 973 2023 999 2059; x_wconf 86' lang='lat'>‚</span> <span class='ocrx_word' id='word_1_96' title='bbox 1041 1977 1186 2045; x_wconf 68' lang='lat' dir='ltr'>data</span> <span class='ocrx_word' id='word_1_97' title='bbox 1225 1980 1422 2062; x_wconf 69' lang='lat' dir='ltr'>opera</span> <span class='ocrx_word' id='word_1_98' title='bbox 1464 1976 1735 2061; x_wconf 85' lang='lat' dir='ltr'>primum</span> <span class='ocrx_word' id='word_1_99' title='bbox 1799 1976 1879 2044; x_wconf 87' lang='lat' dir='ltr'>de</span> <span class='ocrx_word' id='word_1_100' title='bbox 1925 1988 2073 2045; x_wconf 79' lang='lat' dir='ltr'>sen·</span> 
     </span>
     <span class='ocr_line' id='line_1_15' title="bbox 173 2092 2072 2179; baseline 0.001 -18"><span class='ocrx_word' id='word_1_101' title='bbox 173 2094 375 2161; x_wconf 73' lang='lat' dir='ltr'>&#39;sibus</span> <span class='ocrx_word' id='word_1_102' title='bbox 429 2094 787 2177; x_wconf 83' lang='lat' dir='ltr'>studiisque</span> <span class='ocrx_word' id='word_1_103' title='bbox 815 2114 889 2161; x_wconf 81' lang='lat' dir='ltr'>ac</span> <span class='ocrx_word' id='word_1_104' title='bbox 933 2093 1354 2162; x_wconf 58' lang='lat' dir='ltr'>facultatibus»</span> <span class='ocrx_word' id='word_1_105' title='bbox 1378 2092 1749 2176; x_wconf 77' lang='lat' dir='ltr'>disquisivit</span> <span class='ocrx_word' id='word_1_106' title='bbox 1769 2139 1801 2179; x_wconf 85' lang='lat'><strong>‚</strong></span> <span class='ocrx_word' id='word_1_107' title='bbox 1838 2093 2072 2176; x_wconf 76' lang='lat' dir='ltr'>quibus</span> 
     </span>
     <span class='ocr_line' id='line_1_16' title="bbox 191 2211 2074 2297; baseline 0 -19"><span class='ocrx_word' id='word_1_108' title='bbox 191 2211 460 2297; x_wconf 86' lang='lat' dir='ltr'>puerilis</span> <span class='ocrx_word' id='word_1_109' title='bbox 509 2225 672 2278; x_wconf 80' lang='lat' dir='ltr'>aetas</span> <span class='ocrx_word' id='word_1_110' title='bbox 709 2211 979 2297; x_wconf 83' lang='lat' dir='ltr'>insignis</span> <span class='ocrx_word' id='word_1_111' title='bbox 1022 2225 1165 2296; x_wconf 84' lang='lat' dir='ltr'>est,</span> <span class='ocrx_word' id='word_1_112' title='bbox 1205 2211 1481 2295; x_wconf 81' lang='lat' dir='ltr'>indeque</span> <span class='ocrx_word' id='word_1_113' title='bbox 1512 2224 1796 2278; x_wconf 78' lang='lat' dir='ltr'>naturam</span> <span class='ocrx_word' id='word_1_114' title='bbox 1826 2212 2074 2278; x_wconf 70' lang='lat' dir='ltr'>attium</span> 
     </span>
     <span class='ocr_line' id='line_1_17' title="bbox 189 2327 2076 2414; baseline 0.003 -19"><span class='ocrx_word' id='word_1_115' title='bbox 189 2345 540 2411; x_wconf 84' lang='lat' dir='ltr'>eammque</span> <span class='ocrx_word' id='word_1_116' title='bbox 587 2343 650 2395; x_wconf 88' lang='lat' dir='ltr'>et</span> <span class='ocrx_word' id='word_1_117' title='bbox 685 2329 987 2398; x_wconf 82' lang='lat' dir='ltr'>rationem</span> <span class='ocrx_word' id='word_1_118' title='bbox 1024 2342 1090 2396; x_wconf 91' lang='lat' dir='ltr'>et</span> <span class='ocrx_word' id='word_1_119' title='bbox 1143 2328 1549 2414; x_wconf 86' lang='lat' dir='ltr'>propositum</span> <span class='ocrx_word' id='word_1_120' title='bbox 1592 2327 1845 2413; x_wconf 84' lang='lat' dir='ltr'>repetiit</span> <span class='ocrx_word' id='word_1_121' title='bbox 1880 2342 2076 2412; x_wconf 73' lang='lat' dir='ltr'>atque</span> 
     </span>
     <span class='ocr_line' id='line_1_18' title="bbox 186 2421 2073 2531; baseline 0.001 -19"><span class='ocrx_word' id='word_1_122' title='bbox 186 2445 575 2512; x_wconf 74' lang='lat' dir='ltr'>illustravit:</span> <span class='ocrx_word' id='word_1_123' title='bbox 619 2460 756 2512; x_wconf 86' lang='lat' dir='ltr'>tum</span> <span class='ocrx_word' id='word_1_124' title='bbox 808 2464 961 2513; x_wconf 87' lang='lat' dir='ltr'>vero</span> <span class='ocrx_word' id='word_1_125' title='bbox 1010 2447 1300 2513; x_wconf 79' lang='lat' dir='ltr'>excultos</span> <span class='ocrx_word' id='word_1_126' title='bbox 1350 2446 1474 2511; x_wconf 87' lang='lat' dir='ltr'>hos</span> <span class='ocrx_word' id='word_1_127' title='bbox 1531 2446 1759 2531; x_wconf 86' lang='lat' dir='ltr'>puerili</span> <span class='ocrx_word' id='word_1_128' title='bbox 1818 2421 2073 2514; x_wconf 65' lang='lat' dir='ltr'>iustitu-</span> 
     </span>
     <span class='ocr_line' id='line_1_19' title="bbox 187 2561 2073 2645; baseline 0.001 -17"><span class='ocrx_word' id='word_1_129' title='bbox 187 2562 368 2629; x_wconf 85' lang='lat' dir='ltr'>tione</span> <span class='ocrx_word' id='word_1_130' title='bbox 389 2608 417 2644; x_wconf 85' lang='lat'><strong>‚</strong></span> <span class='ocrx_word' id='word_1_131' title='bbox 464 2561 818 2645; x_wconf 80' lang='lat' dir='ltr'>disciplinis</span> <span class='ocrx_word' id='word_1_132' title='bbox 864 2561 1226 2628; x_wconf 82' lang='lat' dir='ltr'>eruditurus</span> <span class='ocrx_word' id='word_1_133' title='bbox 1252 2606 1278 2642; x_wconf 87' lang='lat'><strong>,</strong></span> <span class='ocrx_word' id='word_1_134' title='bbox 1320 2579 1359 2627; x_wconf 90' lang='lat' dir='ltr'>e</span> <span class='ocrx_word' id='word_1_135' title='bbox 1407 2562 1823 2644; x_wconf 81' lang='lat' dir='ltr'>provectioris</span> <span class='ocrx_word' id='word_1_136' title='bbox 1857 2564 2073 2630; x_wconf 76' lang='lat' dir='ltr'>aetatis</span> 
     </span>
     <span class='ocr_line' id='line_1_20' title="bbox 186 2674 2074 2764; baseline -0.001 -18"><span class='ocrx_word' id='word_1_137' title='bbox 186 2678 430 2746; x_wconf 80' lang='lat' dir='ltr'>studiis</span> <span class='ocrx_word' id='word_1_138' title='bbox 496 2674 1029 2760; x_wconf 84' lang='lat' dir='ltr'>facultatibusque</span> <span class='ocrx_word' id='word_1_139' title='bbox 1089 2692 1154 2743; x_wconf 87' lang='lat' dir='ltr'>et</span> <span class='ocrx_word' id='word_1_140' title='bbox 1213 2677 1348 2744; x_wconf 86' lang='lat' dir='ltr'>veri</span> <span class='ocrx_word' id='word_1_141' title='bbox 1406 2675 1474 2743; x_wconf 89' lang='lat' dir='ltr'>in</span> <span class='ocrx_word' id='word_1_142' title='bbox 1526 2677 1752 2764; x_wconf 80' lang='lat' dir='ltr'>primis</span> <span class='ocrx_word' id='word_1_143' title='bbox 1814 2696 2025 2745; x_wconf 77' lang='lat' dir='ltr'>amore</span> <span class='ocrx_word' id='word_1_144' title='bbox 2047 2724 2074 2758; x_wconf 85' lang='lat'>‚</span> 
     </span>
     <span class='ocr_line' id='line_1_21' title="bbox 183 2791 2173 2883; baseline -0.002 -20"><span class='ocrx_word' id='word_1_145' title='bbox 183 2795 685 2883; x_wconf 69' lang='lat' dir='ltr'>disciplinarum</span> <span class='ocrx_word' id='word_1_146' title='bbox 734 2792 968 2875; x_wconf 76' lang='lat' dir='ltr'>pariter</span> <span class='ocrx_word' id='word_1_147' title='bbox 1010 2807 1076 2859; x_wconf 87' lang='lat' dir='ltr'>et</span> <span class='ocrx_word' id='word_1_148' title='bbox 1115 2791 1559 2860; x_wconf 67' lang='lat' dir='ltr'>doctrinarum</span> <span class='ocrx_word' id='word_1_149' title='bbox 1606 2807 1885 2860; x_wconf 73' lang='lat' dir='ltr'>naturam</span> <span class='ocrx_word' id='word_1_150' title='bbox 1898 2837 1924 2873; x_wconf 86' lang='lat'>‚</span> <span class='ocrx_word' id='word_1_151' title='bbox 1984 2812 2082 2860; x_wconf 80' lang='lat' dir='ltr'>m·</span> <span class='ocrx_word' id='word_1_152' title='bbox 2166 2841 2173 2850; x_wconf 83' lang='lat'>-</span> 
     </span>
     <span class='ocr_line' id='line_1_22' title="bbox 187 2906 2073 2996; baseline -0.001 -13"><span class='ocrx_word' id='word_1_153' title='bbox 187 2915 443 2984; x_wconf 86' lang='lat' dir='ltr'>tionem</span> <span class='ocrx_word' id='word_1_154' title='bbox 481 2907 1016 2993; x_wconf 82' lang='lat' dir='ltr'>propositumque</span> <span class='ocrx_word' id='word_1_155' title='bbox 1051 2906 1307 2975; x_wconf 81' lang='lat' dir='ltr'>effecit=</span> <span class='ocrx_word' id='word_1_156' title='bbox 1351 2906 1762 2990; x_wconf 76' lang='lat' dir='ltr'>tandemque,</span> <span class='ocrx_word' id='word_1_157' title='bbox 1811 2924 1881 2975; x_wconf 89' lang='lat' dir='ltr'>ut</span> <span class='ocrx_word' id='word_1_158' title='bbox 1906 2911 2073 2996; x_wconf 72' lang='lat' dir='ltr'>quid</span> 
     </span>
     <span class='ocr_line' id='line_1_23' title="bbox 177 3021 2071 3117; baseline -0.003 -17"><span class='ocrx_word' id='word_1_159' title='bbox 177 3031 343 3117; x_wconf 85' lang='lat' dir='ltr'>ipsis</span> <span class='ocrx_word' id='word_1_160' title='bbox 410 3039 592 3098; x_wconf 83' lang='lat' dir='ltr'>esset</span> <span class='ocrx_word' id='word_1_161' title='bbox 641 3021 978 3110; x_wconf 84' lang='lat' dir='ltr'>aliquando</span> <span class='ocrx_word' id='word_1_162' title='bbox 1029 3023 1097 3090; x_wconf 87' lang='lat' dir='ltr'>in</span> <span class='ocrx_word' id='word_1_163' title='bbox 1156 3021 1411 3091; x_wconf 81' lang='lat' dir='ltr'>civitate</span> <span class='ocrx_word' id='word_1_164' title='bbox 1461 3025 1809 3111; x_wconf 81' lang='lat' dir='ltr'>agendum,</span> <span class='ocrx_word' id='word_1_165' title='bbox 1866 3029 2071 3095; x_wconf 78' lang='lat' dir='ltr'>decla-</span> 
     </span>
     <span class='ocr_line' id='line_1_24' title="bbox 185 3136 2078 3236; baseline -0.005 -20"><span class='ocrx_word' id='word_1_166' title='bbox 185 3161 351 3216; x_wconf 85' lang='lat' dir='ltr'>raret</span> <span class='ocrx_word' id='word_1_167' title='bbox 369 3193 395 3227; x_wconf 92' lang='lat'>‚</span> <span class='ocrx_word' id='word_1_168' title='bbox 448 3143 532 3209; x_wconf 92' lang='lat' dir='ltr'>de</span> <span class='ocrx_word' id='word_1_169' title='bbox 583 3138 810 3207; x_wconf 85' lang='lat' dir='ltr'>maturi</span> <span class='ocrx_word' id='word_1_170' title='bbox 862 3136 1131 3205; x_wconf 81' lang='lat' dir='ltr'>hominis</span> <span class='ocrx_word' id='word_1_171' title='bbox 1196 3137 1260 3205; x_wconf 89' lang='lat' dir='ltr'>in</span> <span class='ocrx_word' id='word_1_172' title='bbox 1301 3138 1553 3208; x_wconf 80' lang='lat' dir='ltr'>civitate</span> <span class='ocrx_word' id='word_1_173' title='bbox 1601 3138 1827 3210; x_wconf 84' lang='lat' dir='ltr'>officiis</span> <span class='ocrx_word' id='word_1_174' title='bbox 1872 3141 2078 3236; x_wconf 81' lang='lat' dir='ltr'>virtu·</span> 
     </span>
     <span class='ocr_line' id='line_1_25' title="bbox 181 3254 2079 3347; baseline -0.003 -16"><span class='ocrx_word' id='word_1_175' title='bbox 181 3265 501 3347; x_wconf 81' lang='lat' dir='ltr'>tibusque</span> <span class='ocrx_word' id='word_1_176' title='bbox 545 3256 858 3342; x_wconf 77' lang='lat' dir='ltr'>quaesivit</span> <span class='ocrx_word' id='word_1_177' title='bbox 880 3301 906 3336; x_wconf 82' lang='lat'>,</span> <span class='ocrx_word' id='word_1_178' title='bbox 992 3273 1124 3341; x_wconf 87' lang='lat' dir='ltr'>quo</span> <span class='ocrx_word' id='word_1_179' title='bbox 1186 3254 1607 3324; x_wconf 77' lang='lat' dir='ltr'>doctrinarum</span> <span class='ocrx_word' id='word_1_180' title='bbox 1689 3258 2079 3339; x_wconf 72' lang='lat' dir='ltr'>gravissima-</span> 
     </span>
     <span class='ocr_line' id='line_1_26' title="bbox 187 3373 2074 3461; baseline -0.004 -15"><span class='ocrx_word' id='word_1_181' title='bbox 187 3399 329 3446; x_wconf 88' lang='lat' dir='ltr'>rum</span> <span class='ocrx_word' id='word_1_182' title='bbox 350 3426 377 3461; x_wconf 89' lang='lat'><strong>,</strong></span> <span class='ocrx_word' id='word_1_183' title='bbox 425 3395 593 3459; x_wconf 81' lang='lat' dir='ltr'>quae</span> <span class='ocrx_word' id='word_1_184' title='bbox 643 3375 887 3460; x_wconf 86' lang='lat' dir='ltr'>justum</span> <span class='ocrx_word' id='word_1_185' title='bbox 939 3385 1269 3456; x_wconf 77' lang='lat' dir='ltr'>spectant,</span> <span class='ocrx_word' id='word_1_186' title='bbox 1311 3374 1648 3439; x_wconf 67' lang='lat' dir='ltr'>moralium</span> <span class='ocrx_word' id='word_1_187' title='bbox 1666 3417 1692 3454; x_wconf 88' lang='lat'>‚</span> <span class='ocrx_word' id='word_1_188' title='bbox 1756 3386 1828 3437; x_wconf 93' lang='lat' dir='ltr'>ut</span> <span class='ocrx_word' id='word_1_189' title='bbox 1885 3373 2074 3438; x_wconf 75' lang='lat' dir='ltr'>nobis</span> 
     </span>
     <span class='ocr_line' id='line_1_27' title="bbox 197 3485 2075 3580; baseline -0.003 -20"><span class='ocrx_word' id='word_1_190' title='bbox 197 3493 538 3573; x_wconf 83' lang='lat' dir='ltr'>dicuntur,</span> <span class='ocrx_word' id='word_1_191' title='bbox 592 3505 658 3559; x_wconf 89' lang='lat' dir='ltr'>et</span> <span class='ocrx_word' id='word_1_192' title='bbox 696 3491 1110 3580; x_wconf 70' lang='lat' dir='ltr'>politicarum</span> <span class='ocrx_word' id='word_1_193' title='bbox 1165 3487 1298 3555; x_wconf 85' lang='lat' dir='ltr'>vim</span> <span class='ocrx_word' id='word_1_194' title='bbox 1336 3502 1406 3555; x_wconf 90' lang='lat' dir='ltr'>et</span> <span class='ocrx_word' id='word_1_195' title='bbox 1472 3488 1773 3556; x_wconf 81' lang='lat' dir='ltr'>rationem</span> <span class='ocrx_word' id='word_1_196' title='bbox 1839 3485 2075 3554; x_wconf 82' lang='lat' dir='ltr'>effecit.</span> 
     </span>
     <span class='ocr_line' id='line_1_28' title="bbox 197 3587 2071 3688; baseline -0.004 -9"><span class='ocrx_word' id='word_1_197' title='bbox 197 3606 454 3679; x_wconf 84' lang='lat' dir='ltr'>Nescio</span> <span class='ocrx_word' id='word_1_198' title='bbox 476 3651 502 3687; x_wconf 87' lang='lat'><strong>,</strong></span> <span class='ocrx_word' id='word_1_199' title='bbox 587 3606 741 3688; x_wconf 87' lang='lat' dir='ltr'>quid</span> <span class='ocrx_word' id='word_1_200' title='bbox 790 3605 930 3672; x_wconf 78' lang='lat' dir='ltr'>alii.</span> <span class='ocrx_word' id='word_1_201' title='bbox 958 3605 1233 3673; x_wconf 76' lang='lat' dir='ltr'>sentiant</span> <span class='ocrx_word' id='word_1_202' title='bbox 1257 3587 1320 3686; x_wconf 68' lang='grc' dir='ltr'>ς’</span> <span class='ocrx_word' id='word_1_203' title='bbox 1369 3605 1485 3671; x_wconf 84' lang='lat' dir='ltr'>sed</span> <span class='ocrx_word' id='word_1_204' title='bbox 1542 3604 1699 3671; x_wconf 89' lang='lat' dir='ltr'>mihi</span> <span class='ocrx_word' id='word_1_205' title='bbox 1769 3603 2020 3687; x_wconf 82' lang='lat' dir='ltr'>quidem</span> <span class='ocrx_word' id='word_1_206' title='bbox 2045 3647 2071 3685; x_wconf 88' lang='lat'>‚</span> 
     </span>
     <span class='ocr_line' id='line_1_29' title="bbox 198 3701 2077 3808; baseline -0.001 -14"><span class='ocrx_word' id='word_1_207' title='bbox 198 3701 356 3794; x_wconf 66' lang='lat' dir='ltr'>inec</span> <span class='ocrx_word' id='word_1_208' title='bbox 428 3721 519 3788; x_wconf 79' lang='lat' dir='ltr'>ita</span> <span class='ocrx_word' id='word_1_209' title='bbox 576 3715 998 3790; x_wconf 54' lang='lat' dir='ltr'>coneideranti</span> <span class='ocrx_word' id='word_1_210' title='bbox 1020 3768 1047 3804; x_wconf 87' lang='lat'><strong>,</strong></span> <span class='ocrx_word' id='word_1_211' title='bbox 1133 3719 1480 3801; x_wconf 86' lang='lat' dir='ltr'>ordineque</span> <span class='ocrx_word' id='word_1_212' title='bbox 1533 3719 1767 3804; x_wconf 84' lang='lat' dir='ltr'>legenti</span> <span class='ocrx_word' id='word_1_213' title='bbox 1826 3724 2077 3808; x_wconf 80' lang='lat' dir='ltr'>saepius</span> 
     </span>
     <span class='ocr_line' id='line_1_30' title="bbox 202 3834 2077 3924; baseline 0.003 -19"><span class='ocrx_word' id='word_1_214' title='bbox 202 3853 414 3907; x_wconf 87' lang='lat' dir='ltr'>totum</span> <span class='ocrx_word' id='word_1_215' title='bbox 468 3837 788 3907; x_wconf 83' lang='lat' dir='ltr'>Platonem</span> <span class='ocrx_word' id='word_1_216' title='bbox 809 3886 836 3920; x_wconf 90' lang='lat'>‚</span> <span class='ocrx_word' id='word_1_217' title='bbox 879 3838 1106 3924; x_wconf 83' lang='lat' dir='ltr'>subjici</span> <span class='ocrx_word' id='word_1_218' title='bbox 1149 3837 1331 3919; x_wconf 76' lang='lat' dir='ltr'>quasi</span> <span class='ocrx_word' id='word_1_219' title='bbox 1370 3834 1571 3902; x_wconf 79' lang='lat' dir='ltr'>oculis</span> <span class='ocrx_word' id='word_1_220' title='bbox 1611 3836 1858 3907; x_wconf 82' lang='lat' dir='ltr'>videtur</span> <span class='ocrx_word' id='word_1_221' title='bbox 1875 3887 1901 3924; x_wconf 88' lang='lat'>‚</span> <span class='ocrx_word' id='word_1_222' title='bbox 1943 3862 2077 3912; x_wconf 88' lang='lat' dir='ltr'>non</span> 
     </span>
     <span class='ocr_line' id='line_1_31' title="bbox 200 3951 2078 4042; baseline 0.001 -16"><span class='ocrx_word' id='word_1_223' title='bbox 200 3953 426 4026; x_wconf 84' lang='lat' dir='ltr'>arbor·</span> <span class='ocrx_word' id='word_1_224' title='bbox 474 3951 869 4024; x_wconf 73' lang='lat' dir='ltr'>scientiarum</span> <span class='ocrx_word' id='word_1_225' title='bbox 897 4004 924 4039; x_wconf 87' lang='lat'>‚</span> <span class='ocrx_word' id='word_1_226' title='bbox 1012 3969 1178 4038; x_wconf 83' lang='lat' dir='ltr'>quae</span> <span class='ocrx_word' id='word_1_227' title='bbox 1249 3951 1525 4022; x_wconf 77' lang='lat' dir='ltr'>scholam</span> <span class='ocrx_word' id='word_1_228' title='bbox 1602 3956 1876 4042; x_wconf 84' lang='lat' dir='ltr'>redolet,</span> <span class='ocrx_word' id='word_1_229' title='bbox 1963 3958 2078 4028; x_wconf 80' lang='lat' dir='ltr'>sed</span> 
     </span>
     <span class='ocr_line' id='line_1_32' title="bbox 1114 4071 2084 4140; baseline -0.008 0"><span class='ocrx_word' id='word_1_230' title='bbox 1114 4071 1173 4140; x_wconf 92' lang='lat' dir='ltr'>C</span> <span class='ocrx_word' id='word_1_231' title='bbox 1976 4091 2084 4136; x_wconf 78' lang='lat' dir='ltr'>en-</span> 
     </span>
    </p>
   </div>
  </div>
 </body>
</html>
