2792 5167
928 418 1315 499 ..163-

126 594 420 662 σίνίᾶω
442 640 465 676 ,
528 599 648 682 qui
701 595 964 680 denique
1015 616 1154 660 cum
1219 600 1384 661 omne·
1442 598 1751 670 hominum
1810 605 2035 682 genere

124 711 420 779 nullam
479 711 664 794 juris
735 715 1204 777 communionem
1228 757 1254 794 ,
1320 713 1562 778 nullam
1622 713 2036 778 humanitatis

125 828 520 891 societatem
579 827 789 898 velit?
837 825 920 895 (ι)
1050 828 1172 892 Sed
1233 846 1312 895 ex
1368 828 1583 894 iisdem
1642 830 1813 919 illis,
1872 845 2031 909 quae

131 956 423 1007 veteres
478 945 552 1008 de
607 943 729 1007 hoc
772 943 1044 1024 pessimo
1086 943 1360 1009 civitatis
1402 958 1565 1009 statu
1608 959 2030 1036 monuerunt,

135 1058 303 1141 ipsa
367 1058 598 1138 etiam,
665 1077 848 1140 quam
910 1058 1366 1142 significamus,
1435 1058 2024 1144 rerumpublicarum

133 1177 343 1240 ratio
389 1190 452 1241 et
493 1190 774 1254 natura,
822 1193 981 1255 quae
1023 1176 1276 1259 proprie
1313 1175 1548 1257 fuerit,
1583 1177 1733 1243 effici
1776 1191 2023 1259 potest:

147 1289 445 1356 efficitur
498 1291 563 1355 in
625 1289 893 1372 primis,
954 1310 1133 1373 quam
1180 1311 1319 1358 esse
1365 1294 2027 1395 verissimam'veteres

137 1406 521 1474 libertatem
550 1409 790 1473 civilem
828 1407 1341 1474 existimaverint.
1420 1410 1647 1476 Cicero
1669 1408 1980 1475 civitatem
2001 1449 2028 1489 ,

139 1524 217 1589 in
279 1543 416 1607 qua
473 1524 749 1608 tyrannis
801 1524 1090 1604 obtinet,
1138 1542 1265 1589 non
1322 1538 1559 1591 tantum
1612 1528 1764 1589 male
1805 1543 1874 1588 se
1920 1522 2026 1587 ha·

146 1640 349 1721 bere,
416 1642 714 1722 intusque
768 1656 941 1722 peste
999 1642 1315 1721 laborare,
1380 1643 1490 1707 sed
1550 1642 1787 1707 nullam
1839 1660 2023 1720 esse,

147 1758 457 1825 affirmat:
519 1776 654 1823 nam
709 1757 1088 1840 ubicumque
1148 1760 1318 1824 nulla
1370 1756 1631 1822 habetur
1671 1760 1873 1838 legum
1918 1771 2026 1821 aut

142 1872 486 1957 justitiae,
547 1873 657 1937 sed
719 1871 906 1937 unius
963 1872 1144 1942 unice
1194 1871 1310 1936 viri
1359 1871 1566 1952 ratio,
1610 1871 1734 1935 illic
1779 1889 2025 1951 rempu-

152 1988 438 2068 blicam,
501 1990 545 2054 i.
598 2009 658 2055 e.
717 2009 851 2054 rem
907 1989 1120 2076 populi
1179 1987 1534 2056 desiderari.
1618 1986 1795 2071 Quo,
1829 1984 2023 2068 magis

155 2118 384 2189 patet,
432 2106 511 2168 ad
551 2105 842 2171 rationem
880 2103 1203 2200 'propriam
1257 2104 1629 2184 civitatum,
1689 2102 1816 2167 imo
1872 2121 2019 2166 vero

102 2221 109 2228 '
158 2221 242 2286 ad
286 2239 494 2285 earum
537 2237 811 2287 naturam
859 2223 1212 2303 pertinere,
1278 2221 1449 2302 quod
1492 2219 1707 2302 posuit
1750 2218 1921 2282 Plato
1956 2220 2019 2282 'et

165 2335 403 2403 Cicero
470 2323 735 2402 inculcat
781 2338 955 2417 fere,
1013 2342 1101 2408 τὰ
1152 2342 1347 2423 φίλων
1404 2340 1611 2412 κοινὰ,
1670 2336 2021 2399 communia

159 2470 303 2517 esse
357 2453 659 2518 omnibus
705 2455 909 2519 omnia
962 2454 1222 2519 debere:
1287 2452 1459 2533 quod
1527 2468 1653 2516 non
1697 2452 1899 2515 solum
1945 2452 2021 2515 ad

163 2565 595 2651 suffragiorum
643 2570 791 2653 jus»,
854 2573 964 2635 sed
1020 2569 1310 2635 universe
1364 2569 1440 2634 ad
1490 2571 1690 2651 legum
1731 2567 2017 2649 jurisque

160 2684 650 2765 aequabilitatem
686 2686 970 2752 refertur.
1059 2688 1274 2766 Itaque
1318 2705 1430 2768 per
1472 2684 1829 2768 tyrannides
1877 2702 2015 2766 per·

169 2801 370 2867 ierunt
406 2801 695 2868 civitates
735 2802 1069 2883 antiquae,
1118 2802 1462 2867 floruerunt
1506 2820 1659 2865 vero
1704 2816 1764 2864 et
1802 2801 2020 2882 vigue-

167 2930 308 2982 runt
349 2920 461 2983 hac
497 2918 656 3002 juris
700 2919 1162 2985 communione.
1251 2920 1443 3002 Quod
1486 2918 1603 2983 rite
1644 2916 1796 2983 vidit
1843 2917 2018 2983 Sosi⁴

166 3033 291 3098 cles
329 3034 492 3115 apud
535 3033 980 3115 Herodotum,
1025 3056 1094 3100 ac
1138 3055 1350 3119 reapse
1393 3037 1673 3101 Athenae
1696 3034 1760 3099 in
1788 3049 2019 3100 utram-

171 3166 290 3228 que
345 3162 575 3230 partem
645 3169 787 3214 cum
863 3138 1058 3215 aetate
1117 3151 1426 3217 Pisistrati
1487 3167 1548 3216 ct
1605 3150 2015 3218 Pisistratida-

171 3281 345 3343 rum,
387 3278 516 3328 tum
560 3281 706 3345 post
758 3281 1046 3348 expertae
1086 3283 1259 3334 sunt.
1348 3268 1421 3333 In
1466 3268 1765 3332 concione
1806 3269 2013 3332 socio-

173 3398 300 3444 rum
357 3380 825 3447 Lacedaemonii
884 3384 1268 3464 suadebant,
1335 3398 1449 3462 ut,
1520 3401 1647 3463 quo
1707 3380 2013 3445 infirmior

174 3495 509 3560 redderetur
584 3497 938 3581 respublica
994 3496 1519 3577 Atheniensium,
1602 3495 1867 3579 Hippias
1930 3495 2010 3559 iis

179 3615 555 3698 redderetur-3
615 3617 888 3682 Sosicles
940 3634 1133 3695 veru,
1180 3616 1304 3679 imo
1352 3631 1546 3693 veto,
1584 3610 1829 3695 ajebat,
1867 3627 2011 3675 coe·

173 3734 288 3798 lum
347 3732 462 3799 sub
508 3746 724 3799 terram
775 3732 1028 3813 subibits
1066 3746 1127 3796 et
1170 3746 1328 3795 terra
1376 3746 1563 3811 supra
1606 3727 1847 3791 coelum
1893 3723 2013 3789 crit

1859 3839 2010 3904 sub·

244 4009 316 4077 (t)
357 4008 476 4060 Cic.
517 4008 579 4058 de
622 4009 761 4075 Περ.
804 4004 882 4056 11.
917 4004 1005 4059 26.

990 4101 1047 4167 L
1098 4122 1133 4166 2
