2792 5167
729 635 822 702 sic
880 634 1199 700 aberrasse
1222 679 1246 712 ‚
1307 646 1380 697 ut
1434 643 1805 718 repugnaret
1853 628 2320 718 philosophiae.
2421 632 2591 702 Nam

730 754 941 819 aberat
995 764 1238 817 tantum
1263 796 1288 830 ‚
1377 762 1451 814 ut
1502 746 1790 815 liberaret
1851 748 2166 817 hominem
2225 748 2395 819 falsis
2454 745 2598 835 opi-

730 867 1029 942 nionibus
1049 914 1073 947 ,
1138 881 1208 932 ut
1264 866 1375 932 has
1429 879 1650 932 contra
1706 864 2133 932 ratiocinando
2162 884 2595 953 argumentan-

731 985 947 1066 doque
1011 1002 1082 1049 ac
1144 982 1656 1068 syllogismorum
1714 981 2087 1051 auctoritate
2150 984 2420 1068 probare
2489 1004 2595 1051 co·

733 1115 987 1168 naretur
1029 1113 1094 1166 et
1142 1097 1535 1165 confirmare.
1622 1096 1749 1164 Sed
1803 1095 2144 1184 conjuncta
2204 1100 2354 1168 haec
2406 1101 2596 1168 disci-

728 1217 896 1303 plina
955 1214 1127 1282 omni
1165 1233 1321 1282 aevo
1368 1233 1516 1282 cum
1570 1214 1969 1298 eloquentiae
2005 1213 2133 1283 fuit
2174 1215 2429 1299 studio,
2486 1218 2591 1285 cui

729 1337 821 1402 sic
882 1334 1056 1402 dedit
1110 1332 1545 1400 auctoritatem
1582 1331 1662 1398 ad
1711 1331 2206 1416 persuadendum
2227 1379 2254 1416 ,
2296 1347 2370 1400 ut
2403 1334 2594 1401 vicis-

719 1453 846 1520 ·sim
906 1451 985 1519 ab
1044 1451 1147 1518 illa
1205 1449 1624 1536 persuadendi
1674 1447 2077 1518 invitamenta
2116 1463 2202 1517 -et
2266 1448 2585 1518 illecebras

726 1569 1112 1654 accipiebat:
1194 1566 1614 1651 eloquentiam
1664 1583 1895 1660 *autem
1984 1581 2243 1636 constat
2320 1582 2445 1635 tam
2515 1568 2597 1633 ad

588 1750 602 1765 ,
713 1686 997 1771 pessima
1041 1685 1252 1749 omnia
1301 1701 1529 1765 posse,
1574 1697 1759 1768 quam
1817 1685 1896 1752 ad
1953 1683 2235 1770 optimu,
2280 1681 2588 1752 hominem

723 1800 1075 1879 add-cere,
1113 1813 1236 1864 nec
1286 1813 1429 1864 raro
1471 1815 1623 1866 sane
1655 1802 1813 1866 illud
1852 1802 2093 1871 efficere
2129 1802 2361 1890 mgis,
2402 1817 2588 1888 quam

727 1916 898 1996 hoc,
941 1913 1286 1981 studuisse.

809 2034 960 2102 Est.
985 2050 1138 2100 sane
1200 2032 1356 2098 haec
1425 2047 1781 2116 temporum
1851 2049 2213 2102 nostrorum
2276 2034 2541 2103 felicitas
2561 2085 2589 2118 ‚

721 2167 826 2226 ιιι·1
851 2169 1016 2234 quae
1069 2150 1218 2217 olim
1277 2149 1576 2217 celebrari
1631 2151 1895 2218 summis
1948 2151 2239 2218 laudibus
2304 2154 2587 2234 solebat,

709 2267 1122 2352 eminentiae
1207 2265 1468 2334 facultas
1548 2268 1697 2349 illa,
1802 2285 1928 2352 qua
2009 2271 2150 2353 quis
2233 2269 2589 2337 inferiorem

722 2405 1003 2453 caussam
1058 2385 1323 2452 dicendo
1386 2387 1774 2470 superiorem
1836 2387 2104 2455 efficeret
2126 2435 2150 2470 ‚
2213 2388 2594 2456 dialecticae-

707 2509 853 2586 ¹siue
897 2499 1184 2587 ‘af-tilius,
1241 2507 1660 2598 ‘quocumque
1721 2505 1958 2587 vellet,
2021 2503 2401 2571 audientium
2455 2505 2587 2571 ani-
2693 2593 2701 2600 .

720 2640 861 2690 mos
914 2622 1296 2706 deduceret,
1372 2601 1521 2690 llaec
1584 2637 2019 2690 contemnatur
2068 2642 2182 2706 per
2237 2609 2589 2690 universam

709 2739 1088 2828 ‚Europamt
1136 2740 1529 2830 gravioribus
1560 2727 1793 2806 'autem
1844 2740 2148 2808 doctrinis
2203 2755 2439 2807 tantum
2476 2738 2594 2805 ab-

707 2858 803 2956 sit
867 2874 938 2922 ut
972 2858 1336 2927 adhibeatur
1357 2904 1382 2938 ‚
1440 2871 1517 2922 ut
1558 2870 1778 2924 contra
1832 2857 1911 2924 ad
1965 2856 2246 2924 veritatis
2291 2857 2592 2924 amussim

707 2970 1051 3060 ‚opiniones
1117 2970 1450 3036 doctorum
1518 2973 1843 3039 hominum
1901 2989 1964 3036 et
2022 2974 2272 3037 inventa
2337 2972 2593 3054 exigan-

717 3104 823 3162 tur
865 3085 1074 3158 unice.
1161 3085 1318 3152 Non
1374 3086 1698 3155 audiretur
1753 3089 1938 3154 hodie
1976 3085 2115 3158 sive
2156 3085 2588 3172 philosopha·

717 3204 857 3274 sive
911 3217 1166 3286 orator,
1234 3201 1393 3286 qui,
1436 3220 1510 3270 ut
1568 3205 1810 3288 Romae
1865 3205 2256 3287 emendes,
2320 3206 2401 3274 de
2454 3209 2589 3293 jus-

709 3322 849 3394 titia
898 3319 1246 3416 disputaret
1305 3322 1571 3407 copiose
1590 3371 1614 3404 ‚
1698 3323 1810 3388 sed
1866 3321 2033 3388 idem
2096 3322 2583 3407 disputationm

716 3461 892 3510 suam
942 3438 1247 3526 postridie
1307 3440 1619 3506 contraria
1672 3440 2099 3524 disputatione
2146 3441 2537 3510 subverteret
2557 3488 2583 3522 ‚

712 3576 778 3630 et
823 3557 1170 3646 justitiam,
1235 3577 1422 3642 quam
1482 3558 1682 3643 pridie
1743 3560 2137 3640 laudaverat,
2196 3560 2448 3627 tolleret
2489 3561 2575 3626 (⁸2.

707 3676 934 3764 pueris
990 3669 1464 3759 relinquendum
1527 3678 1648 3744 hoc
1713 3678 2019 3745 ludicrum
2088 3678 2425 3763 negotium„
2464 3697 2587 3761 pu·

710 3803 961 3872 tamus3
997 3771 1004 3780 ’
1041 3790 1322 3860 Platonis
1381 3810 1537 3872 vero
1596 3794 1915 3864 laudamus
1980 3794 2344 3864 sententiam
2367 3837 2393 3873 ‚
2458 3794 2581 3870 hoc

705 3995 722 4010 ,
2442 3905 2579 3981 case

659 4041 676 4050 ⁷
709 4083 732 4098 ἡ
773 4040 870 4115 ,(ι)
907 4039 1161 4120 ⁴[act-aut·
1201 4041 1272 4097 V.
1311 4046 1398 4102 14.
