2792 5167
1432 456 1778 536 -38-

675 630 1052 714 singularem
1114 635 1275 699 vitae
1327 630 1707 703 felicitatem.
1843 632 1970 699 Sed
2025 649 2222 715 pergo
2293 647 2536 700 narrare·

677 750 753 814 de
802 749 1294 833 Wyttenbachio
1353 765 1617 832 nostro,
1688 748 1895 833 qualis
1949 751 2016 816 in
2075 750 2234 817 alios
2303 749 2519 831 fuerit,

679 865 965 948 inprimis
1012 863 1078 929 in
1125 865 1473 950 discipulos
1519 885 1699 932 suos.
1790 866 2066 934 Tantum
2126 866 2232 934 ille
2292 868 2522 949 aberat,

680 997 755 1048 ut
810 982 933 1046 sibi
989 981 1229 1047 viveret
1301 982 1475 1064 soli,
1557 995 1634 1051 ut
1687 981 1883 1064 magis
1960 981 2143 1048 etiam
2201 997 2266 1048 et
2323 982 2421 1049 his
2472 996 2532 1047 et

678 1097 892 1176 amicis
957 1097 1168 1168 vivere
1234 1098 1574 1166 videretur.
1689 1100 1893 1183 Cujus
1953 1099 2043 1164 rei
2103 1114 2169 1166 et
2226 1117 2346 1182 ego
2401 1118 2531 1167 sum

675 1214 859 1282 testis
925 1230 987 1281 et
1037 1235 1254 1282 omnes
1300 1232 1491 1300 sunt,
1554 1216 1667 1299 qui
1711 1231 1955 1284 *mecum
2015 1234 2094 1284 ex
2139 1215 2365 1300 optimi
2426 1213 2536 1280 viri

680 1331 1049 1415 prodierunt
1106 1334 1474 1417 disciplinas
1555 1334 1736 1400 testis
1793 1333 2249 1416 discipulorum
2295 1330 2550 1400 vetari--

684 1467 827 1518 mus
847 1498 873 1533 ,
918 1449 1234 1518 Weselius
1285 1452 1665 1520 Scholtenus
1690 1499 1715 1535 ,
1770 1451 2357 1537 jureconsultorum
2410 1449 2542 1515 lite·

684 1566 1030 1636 tutissimus
1054 1616 1079 1651 ‚
1144 1567 1258 1650 qui
1311 1570 1675 1636 adolescens
1734 1585 1880 1636 cum
1950 1585 2027 1632 eo
2085 1563 2157 1631 ὁὶ
2201 1564 2544 1638 Helvetium

688 1684 809 1750 iter
863 1684 1015 1752 fecit
1073 1701 1155 1752 et·
1190 1684 1374 1754 etiam
1437 1706 1605 1753 nunc
1665 1699 1909 1752 narrare
1969 1701 2154 1754 orsus
2194 1683 2273 1750 de
2317 1680 2439 1772 viri
2467 1679 2550 1747 -in

688 1799 898 1882 ipsum
952 1800 1187 1867 meritis
1234 1819 1377 1867 cum
1432 1801 1500 1866 in
1547 1800 1770 1868 itinere
1826 1800 1981 1880 illo,
2019 1814 2176 1866 tum
2218 1801 2287 1866 in
2341 1797 2553 1864 lectio·-

688 1916 878 1986 nibus
933 1916 1228 1986 omnibus
1274 1916 1561 1985 literariis
1615 1932 1680 1982 et
1723 1916 2222 2002 philosophicis,
2263 1934 2379 1988 uec
2421 1915 2558 1998 ipse

691 2034 923 2117 reperit
980 2035 1265 2102 narrandi
1317 2035 1503 2103 finem
1549 2051 1612 2108 et
1664 2052 1785 2101 nos
1828 2048 2001 2101 tenet
2049 2046 2360 2120 perpetuo
2404 2052 2564 2116 quo·

694 2150 833 2218 dam
879 2151 1285 2218 suavissimae
1323 2151 1628 2218 orationis
1669 2150 1950 2217 flumine.

779 2266 1100 2333 Rusticari
1148 2269 1317 2350 apud
1359 2266 1535 2336 illum
1589 2267 1923 2334 identidem
1974 2266 2236 2332 solebat·
2263 2279 2430 2334 unus
2477 2269 2570 2332 al-

697 2399 872 2450 terve
920 2382 1417 2469 discipulorum‚
1467 2403 1655 2464 quem
1701 2383 1910 2467 magni
1951 2382 2225 2452 faceretz
2269 2399 2414 2452 mm
2463 2399 2575 2450 rus

700 2502 943 2568 amabat
967 2548 992 2583 ,
1050 2517 1123 2570 ut
1165 2502 1528 2584 Xenophon
1550 2548 1576 2582 ,
1622 2515 1695 2567 ut
1741 2500 2020 2583 Cicero,
2083 2516 2157 2566 ut
2220 2500 2526 2570 Horatius
2550 2550 2577 2583 ‚

702 2633 777 2683 ut
838 2617 1021 2683 multi
1096 2617 1527 2698 antiquorum.
1643 2617 1890 2686 Crebro
1967 2619 2157 2702 hujus
2234 2618 2584 2702 usurpabat

707 2734 867 2803 illud
920 2751 980 2802 et
1036 2736 1102 2802 in
1144 2756 1214 2802 se
1251 2736 1590 2819 villamque
1619 2757 1801 2806 susm
1841 2736 2393 2808 accommodnbat:

792 2851 931 2920 Hoc
963 2868 1108 2920 erar
1143 2857 1214 2918 in
1240 2857 1398 2923 votis
1414 2875 1443 2919 .·
1481 2852 1694 2924 modus
1719 2856 1880 2944 *agri
1915 2874 2038 2920 non
2071 2855 2173 2922 im
2193 2865 2457 2938 magnus
2475 2897 2501 2932 ,

796 2971 1042 3038 Hortus
1079 2971 1187 3037 ube·
1199 3017 1224 3052 ‚
1271 2987 1333 3038 ce
1368 2987 1526 3040 tecto
1565 2975 1809 3040 vicinus
1829 2972 2013 3057 jugis
2058 2990 2267 3057 aquae
2285 2969 2440 3053 ,βου
2465 3015 2490 3049 ,

799 3085 896 3150 Et
926 3086 1219 3171 paullum
1243 3084 1463 3168 sylvae
1486 3085 1686 3171 super
1721 3087 1817 3152 bis
1834 3086 2024 3168 floret
2058 3119 2151 3139 --

720 3203 894 3283 quod
937 3201 1233 3285 jucundis
1279 3201 1677 3270 sermonibus
1738 3200 2008 3267 subinde
2066 3217 2278 3270 ansam
2333 3200 2604 3285 praebe-

720 3320 853 3384 bat.
938 3318 1149 3400 Ruri,
1195 3318 1441 3400 inquit,
1486 3319 1691 3401 legere
1731 3332 1989 3402 oportet
2017 3317 2414 3398 Horatium,
2459 3335 2607 3384 non

722 3439 929 3504 solum
985 3435 1051 3502 in
1111 3436 1285 3504 urbis
1338 3451 1404 3503 et
1453 3434 1882 3506 Bibliothecae
1951 3433 2260 3519 angustiis
2316 3449 2380 3504 ct
2423 3449 2619 3502 tene·

719 3556 889 3624 bris:
936 3553 1199 3624 maxime
1232 3570 1441 3622 autem
1484 3569 1740 3638 oportet
1784 3553 1852 3621 in
1889 3552 2028 3636 ipsa
2063 3550 2243 3621 Italia
2292 3565 2357 3624 ct
2391 3551 2461 3620 in
2505 3553 2620 3636 ip«.

720 3671 857 3737 sius
903 3669 1074 3738 villa.
1166 3671 1249 3738 Et
1295 3671 1430 3737 hocs
1475 3669 1600 3738 fuit
1659 3669 1736 3736 in·
1785 3669 2008 3752 votis3
2068 3687 2183 3738 nee
2240 3685 2446 3738 tamen
2496 3690 2617 3742 ex-

724 3790 965 3870 pletum
988 3837 1013 3870 ,
1034 3804 1119 3854 -et
1160 3789 1276 3855 alia
1336 3788 1618 3858 fuerunt.
1706 3786 2138 3857 Villoisonum
2197 3805 2406 3857 meum
2453 3791 2621 3856 bea·

732 3917 863 3970 tum
899 3906 1245 3987 praedicare
1287 3907 1565 3976 solebam
1586 3955 1610 3990 ,
1655 3908 1766 3990 qui
1813 3906 1878 3974 iu
1915 3906 2131 3977 Attica
2173 3907 2430 3992 legisset
2473 3907 2624 3975 ne-

724 4022 1121 4090 mosthcnem
1160 4037 1223 4088 et
1267 4025 1628 4108 Platonem3
1674 4027 1790 4102 sed
1824 4026 1918 4094 ini
1953 4025 2076 4095 hoc
2115 4024 2424 4109 contigit,
2472 4042 2626 4092 non

2494 4158 2632 4204 1111-

2715 0 2752 276 i
