2792 5167
945 380 1336 451 ...135-

190 551 285 620 sic
357 550 611 634 quidem
678 549 863 618 ambo
919 549 1157 617 beatam
1216 564 1412 632 atque
1471 552 1853 621 concordem
1905 568 2075 637 pne·

193 683 436 735 sentem
485 682 677 752 agunt
720 667 946 749 vitam,
985 668 1259 736 modesti
1315 682 1380 733 et
1424 667 1842 755 sibimetipsis
1879 670 2079 752 impe-
2188 658 2197 667 ⁷

199 800 406 851 rantes
432 831 459 867 ‚
503 783 779 851 subactis
801 831 830 864 ,
873 803 906 848 e
934 782 1394 865 quibusxitia,
1441 782 1508 848 in
1545 783 1893 853 libertatem
1927 785 2069 851 vin·

194 900 465 983 dicatiS‚
511 922 544 966 e
601 899 834 984 quibus
891 898 1151 966 virtutes
1191 898 1529 982 oriuntur3
1574 901 1807 968 mortni
1857 910 2017 969 vero
2044 940 2089 984 ,ι

192 1017 568 1101 recuperatis
646 1017 806 1096 alis,
911 1032 1230 1101 praepetes
1304 1019 1600 1098 evolant,
1662 1038 1805 1085 cum
1871 1018 2067 1085 trium

190 1134 588 1201 certaminum
655 1154 804 1200 vere
864 1133 1350 1217 Olympicomm
1391 1153 1590 1221 unum
1645 1136 2065 1216 pervicerintz

182 1253 244 1324 οὗ
283 1257 483 1342 μεῖζον
535 1257 773 1334 ἀγαθὸν
837 1255 971 1318 οὔτε
1015 1253 1358 1331 σωφροσύνη
1391 1252 1709 1331 ἀνθρωπίνη
1768 1255 1901 1319 οὔτε
1940 1258 2066 1322 θείω

177 1374 370 1452 navia.
413 1372 643 1443 δυνατὴ
683 1370 926 1449 πορίσαι
956 1368 1259 1449 ἀνθρώπῳ·
1308 1386 1426 1447 quo
1450 1384 1597 1427 sane
1626 1366 2067 1450 praestabilius

177 1484 408 1550 bonum
469 1503 579 1547 noc
639 1482 923 1543 humana
982 1483 1404 1566 temperantia
1422 1526 1446 1559 ,
1490 1499 1597 1543 nec
1663 1478 1909 1546 divinus
1954 1481 2079 1562 su-

183 1619 304 1666 ror
342 1599 582 1665 homt‘m'
611 1593 856 1681 afferre
893 1596 1092 1661 ullum
1121 1610 1345 1684 potest.
1386 1594 1452 1643 0‘

265 1713 374 1780 Sic
412 1714 734 1779 amoris
789 1729 885 1778 est
922 1711 1092 1796 apud
1143 1713 1464 1779 Platonem
1506 1712 1851 1780 arctissima
1919 1736 2065 1784 cum

161 1832 695 1921 philosophia
746 1829 1142 1912 conjunctio.
1193 1828 1563 1912 Utriusque
1586 1850 1918 1897 commune
1968 1847 2068 1900 est

180 1964 249 2013 et
272 1965 583 2013 summum
617 1945 1021 2029 propositum
1048 1993 1073 2026 ,
1119 1960 1193 2014 ut
1234 1947 1313 2011 ad
1355 1945 1680 2013 vetitatem
1720 1967 1792 2017 ac
1824 1948 2089 2031 sapien-r

183 2062 334 2129 tiam
400 2062 668 2130 adducat
713 2062 1076 2129 hominem:
1141 2062 1271 2129 imo
1312 2062 1529 2127 reddat
1564 2061 1849 2144 homini,
1891 2084 2075 2145 quam

183 2180 390 2247 amisit
415 2229 440 2261 ,
479 2178 900 2265 felicitatem.
987 2180 1155 2247 Nam
1197 2195 1270 2247 ut
1298 2180 1578 2245 restituit
1626 2200 1765 2247 eum
1794 2180 2089 2264 philoso-

182 2296 332 2379 phia
390 2297 458 2362 in
505 2288 928 2365 conditi'onem
976 2296 1338 2379 pristinam,
1397 2296 1483 2361 ita
1542 2300 1671 2363 alas
1727 2297 1783 2362 ei
1829 2300 2107 2381 adaptat„

177 2432 401 2495 amor,
441 2412 680 2495 quibus
729 2411 1011 2479 sublatus
1048 2414 1112 2478 in
1135 2412 1385 2478 beatum
1405 2413 1526 2479 Dei
1564 2412 1666 2478 sui
1694 2413 1875 2495 quasi
1911 2415 2064 2480 cho-

177 2550 313 2597 rum
377 2530 611 2595 redeat.
707 2530 811 2597 Sic
875 2530 1128 2612 utrique
1184 2532 1560 2597 adscribitur
1593 2531 1880 2598 divinum
1928 2552 2068 2600 mu-

173 2662 300 2711 nus
318 2692 344 2727 ,
384 2661 461 2709 ut
497 2645 817 2710 hominem
872 2647 1096 2710 efficiat
1135 2647 1277 2711 Deo
1320 2647 1614 2711 similem.
1720 2648 1845 2711 Sed
1881 2650 2081 2732 hujus

175 2760 466 2829 nondum
501 2759 630 2824 loci
669 2775 766 2823 est
793 2805 817 2838 ,
882 2760 1050 2823 illam
1086 2758 1396 2840 explicate
1423 2807 1446 2841 ,
1492 2779 1681 2838 quam
1722 2761 1903 2825 Plato
1920 2762 2105 2835 ubi-f

179 2875 287 2943 vis
363 2873 722 2960 praedicat,
786 2877 1060 2958 ὁμοίωσιν
1119 2878 1204 2957 τῷ
1271 2877 1397 2958 δέῳ.
1485 2874 1759 2940 Praestat
1823 2874 1925 2941 hle
1970 2895 2079 2959 ap·

174 3012 418 3079 ponere
476 2989 840 3060 Socraticae
897 2987 1251 3071 palinodiae
1307 2990 1660 3075 epilogum,
1751 2992 2077 3076 elegantis-

174 3111 408 3179 simum
456 3109 684 3188 illum,
729 3124 793 3174 et
851 3125 1011 3174 vero
1068 3107 1297 3173 amoris
1352 3107 1757 3185 declarantem
1819 3126 1881 3176 et
1927 3113 2082 3196 phi-

172 3226 502 3312 losophiae
523 3225 1068 3312 conjunctionem.
1116 3273 1169 3309 ,‚
1194 3224 1362 3294 Haec
1399 3227 1559 3312 tibi,
1577 3229 1801 3296 dilecte
1817 3232 2023 3298 Amor
2045 3260 2101 3315 ,-

184 3346 546 3411 recantatio·
597 3343 978 3428 polcerrima
1060 3359 1123 3409 et
1192 3345 1429 3428 optima
1455 3394 1479 3425 ,
1545 3362 1623 3414 ut
1690 3345 2022 3429 potuimus
2049 3393 2101 3425 „

187 3459 473 3527 exsoluta
521 3476 615 3526 est
665 3477 725 3525 et
787 3461 1034 3543 dicata,
1079 3481 1267 3544 quam
1323 3480 1385 3527 et
1431 3464 1555 3528 hoc
1620 3461 1814 3527 modo
1854 3474 2093 3533 canere,

182 3592 254 3643 et
309 3574 514 3641 verbis
591 3575 870 3659 proferre
935 3578 1206 3661 poeticis
1263 3599 1300 3643 a
1349 3579 1641 3645 Phaedro
1707 3576 1917 3644 coacti
1968 3594 2107 3639 sun

184 3710 404 3762 mua·
456 3690 582 3757 'Fu-
616 3712 762 3758 veto
809 3710 872 3760 et
934 3711 1084 3762 ante
1133 3693 1322 3758 dictis
1379 3696 1717 3776 ignoscens
1794 3706 1857 3756 et
1918 3691 2099 3797 haee-J

258 3947 342 4018 (ι)
383 3943 523 3998 toa.
558 3944 665 4000 ‚ss
701 3926 774 3999 A.
801 3944 862 3997 Β.

1078 4044 1113 4111 1
1159 4062 1202 4125 4
1259 4110 1268 4121 .
