2792 5167
963 451 1367 516 -161—

214 641 430 712 porro
479 641 600 694 aut
659 624 963 695 adulatus
1015 623 1145 695 σοι’
1191 627 1551 697 admiratus
1581 631 1923 712 fortunam
1961 643 2098 700 suni

224 742 511 809 alterius
529 787 556 822 ‚
600 757 675 809 ut
726 761 825 808 me
876 763 1048 809 meae
1095 748 1458 832 poeniteret.
1545 742 1627 811 Id
1673 748 1837 812 enim
1893 749 2095 835 ipsum

234 878 287 923 a
328 856 597 924 Platone
630 858 1131 947 philosophiaque
1166 857 1513 926 didiceram
1531 908 1557 942 ‚
1611 859 1939 929 n'aturaeles
1977 883 2102 931 esse

238 971 550 1062 quasdam
570 978 983 1043 conversiones
1007 995 1224 1041 rerum
1242 976 1645 1063 publicarum
1665 1021 1692 1057 ‚
1731 991 1805 1045 us
1829 998 1940 1044 eae
1962 992 2097 1046 sum

239 1109 290 1155 a
318 1075 705 1177 principibus
746 1105 1113 1157 tenerentur
1130 1138 1154 1173 ,
1197 1107 1328 1157 tum
1365 1113 1412 1159 a
1421 1093 1665 1181 populis
1685 1138 1709 1173 ,
1752 1092 2102 1182 aliquando

244 1224 295 1270 a
335 1207 621 1291 singulis.
666 1203 750 1276 (¹)
834 1208 963 1273 Sed
995 1206 1146 1274 satis
1176 1208 1324 1275 haec
1354 1209 1432 1274 de
1470 1207 1810 1292 tyrannidis
1835 1209 2097 1293 origine.

250 1321 745 1405 Disquirendum
808 1321 887 1389 de
962 1322 1103 1408 ipsa
1164 1325 1277 1391 hac
1337 1323 1607 1408 pessima
1665 1340 1763 1393 est
1822 1325 2098 1396 civitatis

241 1436 628 1506 conditione.

833 1671 957 1740 De
1013 1688 1090 1758 sy
1115 1672 1509 1744 ranntde.

338 1905 455 1973 Uti
512 1903 575 1970 in
635 1904 749 1969 hac
805 1901 1045 1970 infinita
1100 1903 1375 1969 omnium
1429 1903 1674 1970 licentia
1723 1903 2098 1983 calumniae,

249 2022 718 2104 accusationes,
765 2021 903 2087 lites
954 2038 1024 2086 ac
1076 2020 1507 2086 contentiones
1563 2019 1893 2102 oriuntur,
1945 2036 2100 2085 con-s

248 2137 459 2203 suevit
495 2140 770 2221 populus
803 2155 992 2202 unum
1018 2136 1291 2219 aliquem
1318 2134 1418 2201 sui
1440 2133 1824 2202 defensorem
1854 2153 2097 2217 creare,

249 2270 523 2334 eumque
562 2269 629 2318 ut
669 2268 1045 2319 servatorem
1099 2231 1389 2333 la‘udare,
1448 2251 1700 2334 sibique
1740 2250 2094 2333 praeficere.

254 2365 506 2434 Accidit
551 2383 799 2449 autem,
841 2384 914 2434 ut
957 2368 1012 2433 is
1058 2368 1324 2453 primum
1385 2367 1633 2449 quidem
1695 2366 1898 2434 faveat
1949 2366 2099 2433 arri·

248 2485 511 2566 deatque
573 2483 861 2563 cunctis,
925 2483 1145 2549 deinde
1206 2502 1408 2567 vero,
1466 2499 1537 2549 ut
1579 2483 1657 2549 ab
1698 2482 1940 2551 insidiis
1978 2482 2096 2550 ini·

249 2601 548 2666 micorum
621 2615 797 2665 tutus
866 2600 986 2679 sit,
1063 2600 1359 2665 custodes
1432 2600 1731 2680 quosdam
1811 2599 2096 2682 corporis

247 2730 492 2799 expetat
518 2762 543 2794 ‚
583 2730 655 2779 ut
694 2715 903 2782 salvus
945 2713 1103 2798 ipsis
1146 2715 1230 2794 sit
1270 2715 1491 2798 populi
1528 2715 1885 2781 auxiliator.
1927 2717 2096 2785 Dant

243 2845 446 2898 autem
505 2829 595 2896 illi
614 2876 638 2911 ,
694 2833 994 2907 δείσαντες
1032 2833 1148 2914 μὲν
1202 2830 1348 2915 ὅπερ
1406 2834 1655 2909 ἐκείνου.
1712 2835 2093 2919 θωρβἥσαντες

246 2952 308 3019 ³2
350 2947 495 3032 ὅπερ
535 2948 756 3017 ἑαυτῶν
779 2993 804 3026 ,
850 2942 927 3011 de
962 2945 1072 3011 illo
1112 2946 1402 3028 solliciti,
1456 2945 1533 3013 de
1569 2963 1751 3014 semet
1789 2951 1939 3036 ipsis
1977 2968 2097 3017 au·

244 3077 365 3130 tem
428 3064 655 3129 secuti.
762 3062 871 3127 llle
940 3079 1128 3140 vero,
1199 3081 1329 3144 quo
1403 3064 1596 3146 magis
1669 3064 2093 3133 auctoritatem
2139 3037 2158 3144 ,⁹

252 3192 596 3258 sustentet,
656 3176 814 3243 bella
860 3176 990 3242 fere
1032 3192 1296 3259 movet,
1331 3193 1402 3244 ut
1458 3181 1614 3248 duce
1669 3197 1859 3264 atque
1902 3182 2099 3266 impe·

250 3310 453 3360 ratore
487 3295 766 3377 populns
807 3284 1096 3376 indigeat.
1158 3296 1351 3361 Porro
1393 3298 1706 3363 attendere
1732 3318 1870 3363 eum
1906 3317 2102 3382 opor·

252 3423 383 3491 tet,
424 3411 565 3492 quis
604 3410 667 3474 in
706 3409 955 3475 civitate
996 3406 1180 3475 fortis
1204 3457 1228 3491 ‚
1261 3410 1405 3489 quis
1445 3411 1866 3494 magnanimus
1894 3457 1918 3491 ,
1953 3415 2098 3496 quis

252 3529 569 3610 prudens,
616 3524 758 3607 quis
798 3525 973 3590 dives
1023 3526 1133 3590 sit.
1225 3525 1363 3589 Hos
1406 3526 1640 3620 seilicet
1675 3527 1896 3592 metuit
1920 3573 1944 3608 ,
1985 3543 2101 3594 nec

253 3641 411 3707 vivit
456 3627 832 3722 tranquille,
870 3641 1071 3705 donec
1114 3641 1443 3706 universos
1479 3643 1906 3710 summoverit.
1972 3642 2102 3709 Ta·-

249 3757 328 3825 lis
392 3756 745 3824 felicissima
801 3771 900 3822 est
958 3756 1061 3824 illa
1100 3757 1372 3823 civitatis
1414 3757 1735 3842 conditio,
1793 3776 1950 3841 quae
2005 3773 2105 3842 ty-

1965 3891 2103 3937 ran·

316 4014 400 4086 (ι)
436 4015 526 4070 De
558 4014 737 4073 Diria
769 4012 852 4071 11.
884 4029 938 4069 ι.
