2792 5167
1081 413 1424 477 ..93-

327 573 633 652 &armari
700 573 798 638 et'
830 569 1267 658 σύλλογισμὸςε
1330 576 1439 641 illa
1516 567 1638 648 ἀπ’-ὃ
1696 586 1812 649 τῶν
1866 580 2177 651 aalma

325 692 432 762 ἐπὶ
489 692 576 759 τὰ
643 694 886 760 „aeona
937 691 1221 772 procedit
1241 737 1267 772 ‚
1339 705 1571 774 estque
1625 697 1982 778 πιθανωτέρα
2003 739 2028 774 ‚
2071 695 2177 763 xa)

333 807 642 889 σαφέςερι
658 849 683 884 ,
747 806 851 874 καὶ
895 807 1062 874 ’κατὰ
1110 808 1220 885 τὴν
1275 808 1544 885 αἴσθησιν
1581 808 1989 891 γνωριμωτέρα
2006 852 2031 887 ,
2073 809 2179 876 καὶ

334 932 455 997 τοῖς
524 933 767 1000 πολλοῖς
818 928 1020 993 κοινὸν·
1080 929 1490 1007 συλλογισμὸς
1553 940 1708 989 vero
1763 925 2180 1007 βιαςικῶτερος

332 1041 435 1108 καὶ
527 1043 728 1125 πρὸς
807 1044 1001 1118 τοὺς
1081 1044 1703 1121 ἀντιλογικοὺς
1764 1039 2187 1123 &repraes-

327 1181 360 1239 ρ
382 1179 413 1223 ο
431 1182 485 1232 ς.
531 1153 595 1200 ‘¹³
680 1154 930 1240 Operae
986 1156 1254 1239 pretium
1306 1170 1407 1223 est
1468 1170 1676 1223 autem
1741 1154 2194 1221 animadverte-

329 1290 399 1337 re
420 1319 446 1352 ‚
505 1272 769 1341 rediisse
818 1272 906 1339 ita
973 1288 1127 1357 post
1181 1266 1594 1340 Aristotelem
1663 1270 2045 1339 dialecticam
2107 1267 2189 1338 ad

329 1388 750 1465 incunabula,
791 1404 868 1453 ut
917 1389 1002 1456 ita
1046 1388 1247 1453 dicam
1271 1435 1295 1469 ‚
1337 1406 1476 1453 sua.
1561 1388 1725 1455 Nam
1781 1403 1855 1455 ut
1894 1403 2038 1456 ante
2074 1386 2201 1454 So·

332 1519 570 1570 cratem
621 1504 942 1589 hujusque
997 1518 1200 1572 aetate
1252 1506 1319 1570 in
1354 1505 1629 1571 Eristica
1692 1511 1867 1571 secta
1920 1504 2200 1572 inanium

338 1615 548 1685 fuerat
610 1618 1088 1685 contentionum
1130 1621 1316 1703 plena
1335 1664 1360 1699 ,
1404 1632 1606 1702 utque
1659 1617 1932 1685 adhibita
1989 1638 2025 1685 a
2084 1617 2202 1686 So-

345 1735 583 1820 phistis
649 1733 855 1802 fuerat
947 1735 1022 1802 ad
1102 1735 1518 1818 eloquentiam
1553 1781 1578 1816 ,
1662 1736 2050 1818 maximeque
2121 1735 2202 1803 ad

341 1872 623 1919 caussam
689 1850 1051 1948 ‘inferiorem
1125 1852 1389 1919 dicendo
1467 1852 1853 1937 superiorem
1936 1852 2200 1921 redden·

338 1969 517 2049 dam,
551 1985 665 2054 par
704 1968 912 2036 denuo
954 1971 1091 2054 ejus
1116 1989 1272 2036 usus
1319 1970 1491 2053 apud
1532 1970 1942 2038 Academicos
1963 2016 1989 2053 ‚
2033 1969 2208 2038 Stoi-

340 2103 459 2150 cos
479 2131 506 2163 ‚
566 2085 925 2170 Epicureos
960 2103 1102 2151 esse
1138 2085 1377 2170 coepit.
1469 2086 1960 2175 contendebant
1995 2087 2203 2154 denuo

349 2200 763 2269 Alexandrina
840 2215 1040 2268 aetate
1107 2201 1481 2286 philosophi
1564 2202 1647 2269 de
1717 2201 1935 2269 verbis
2009 2202 2203 2289 magia

345 2337 533 2401 quam
592 2320 778 2385 rebus
800 2366 825 2401 ‚
911 2332 977 2385 et
1027 2320 1211 2386 abusi
1280 2334 1434 2387 sunt
1512 2318 1745 2405 pariter
1813 2320 2202 2404 eloquentia.

344 2435 582 2504 Pariter
644 2437 886 2504 Romae
955 2436 1023 2501 in
1085 2436 1392 2521 justitiam
1460 2436 1705 2503 dicebat
1780 2436 2137 2508 Carneadeo
2178 2486 2206 2522 ,

348 2567 428 2619 ut
501 2551 755 2618 duobus
793 2535 1093 2618 ¹saeculis
1171 2565 1318 2618 ante
1368 2551 1707 2637 sophistae
1754 2553 2024 2620 Athenis
2079 2552 2207 2639 ipsi

349 2670 512 2737 adeo
577 2668 797 2735 virtuti
876 2667 1288 2749 justitiaeque
1356 2669 1528 2735 haud
1593 2685 1997 2754 pepercerant
2021 2717 2045 2752 ‚
2133 2685 2211 2737 ut
2338 2653 2358 2660 ’

355 2784 726 2869 prudentiae
764 2781 1059 2866 politicae
1103 2783 1557 2867 facundiaeque
1617 2785 1934 2870 gloriolam
1974 2788 2214 2859 scilicet

355 2897 632 2984 aliquam
681 2913 1000 2984 caperent.
1090 2899 1621 2984 Thrasymachum
1654 2905 1820 2987 apud
1857 2905 2213 2986 Platonem,

352 3019 461 3086 cui
497 3017 793 3085 Socrates
837 3030 903 3084 et
939 3017 1119 3084 Plato
1171 3035 1517 3103 germanam
1577 3015 2047 3105 philosophiam
2099 3038 2217 3104 op-

353 3150 700 3223 posuerant
723 3183 749 3219 ,
835 3132 1064 3201 imitari
1124 3148 1188 3202 et
1263 3155 1560 3219 superare
1631 3136 1785 3200 adeo
1867 3135 2215 3204 cavillando

354 3268 619 3321 conatus
659 3252 936 3321 videtur.
971 3249 1037 3298 ω
1119 3251 1225 3319 Sic
1266 3266 1548 3335 tempora
1586 3264 1825 3319 mutata
1853 3268 2042 3319 sunt:
2089 3254 2215 3319 imo

364 3389 517 3437 vero
577 3371 655 3438 ad
709 3370 1030 3455 pristinas·
1067 3368 1336 3452 ineptias
1399 3368 1922 3452 sophisticas‘que
1975 3366 2225 3436 cavilla·

369 3486 574 3553 tiones
652 3467 992 3555 redierunt.
1111 3485 1239 3553 Sed
1293 3486 1410 3552 hac
1490 3499 1690 3551 aetate
1753 3482 2110 3563 eloquentia
2159 3497 2224 3552 et

372 3600 624 3683 minus,
666 3623 846 3687 quam
879 3617 1098 3682 antea,
1137 3599 1693 3669 commendationis
1727 3594 1947 3663 habuit
1981 3613 2045 3667 et
2071 3603 2219 3687 plus

307 3751 338 3778 ο
374 3718 728 3788 detrimenti
760 3719 1000 3787 attulit.
1083 3716 1252 3787 Nam
1288 3716 1542 3785 fuerant
1584 3713 2014 3802 Sophistarum
2064 3736 2226 3790 tem-

2104 3854 2225 3920 po-

451 3970 536 4042 (ι)
570 3969 712 4042 '¹⁸⁰1’-
745 3972 793 4030 1.
835 3989 918 4032 ιο.
951 3988 1011 4044 p·
1041 3971 1165 4030 εδει
1266 3966 1376 4044 (a)
1410 3965 1549 4029 mut.
1589 3967 1658 4029 a·
1688 3970 1824 4044 nep.
1860 3971 1912 4028 1.
1946 3970 2068 4028 543·
2105 3965 2185 4022 D·

455 4049 466 4066 1
