2792 5167
922 479 1313 545 ...92-

164 644 477 729 attingit.
575 644 651 710 In
691 644 946 733 Gorgia
975 645 1218 712 demum
1255 662 1316 709 et
1365 645 1656 727 Polme,
1717 648 1890 728 quod
1935 662 2060 713 ma-

160 761 427 832 turiori
462 761 645 829 aetati
683 761 1135 843 conveniebat,
1176 760 1450 831 futuram
1490 766 1649 831 banc
1682 763 1869 829 animi
1905 781 2066 829 con·

150 880 505 949 ditionem
545 880 870 964 diligenter
903 879 1271 962 descripsit:
1308 881 1373 946 in
1409 879 1733 947 Phaedone
1761 901 1909 946 vcro
1939 882 2065 948 huc

172 1012 400 1064 totam
443 996 795 1081 principum
833 996 1360 1080 Pythagoreorum
1392 997 1736 1064 doctrinam
1768 996 2073 1069 adhibuit.

174 1116 399 1204 Quod
438 1133 515 1180 ex
548 1115 681 1196 ipsa
723 1113 951 1196 dialogi
994 1114 1235 1179 ratione
1279 1113 1671 1199 intelligitur.
1758 1115 1920 1181 Nam
1960 1112 2076 1198 qui

178 1230 474 1299 maxime
520 1249 661 1296 cum
706 1232 969 1296 Socrate
1022 1248 1342 1298 sermones
1393 1216 1698 1312 miscent,
1753 1232 1964 1299 Cebes
2009 1246 2079 1299 et

172 1347 499 1416 Simmias
524 1394 547 1429 ,
588 1347 965 1431 Pythagorei
997 1364 1188 1415 sunt:
1235 1365 1403 1413 certe
1427 1395 1453 1427 ‚
1499 1364 1569 1413 ut
1608 1349 1730 1432 ipsi
1768 1349 2078 1430 fatentur,

184 1466 559 1534 Philolaum
606 1466 1065 1548 Pythagoreum
1114 1465 1357 1532 Thebis
1394 1466 1790 1550 audiveranta
1823 1466 1908 1536 (⁸)
1946 1486 2078 1533 scr·

188 1602 433 1651 monoe
492 1598 699 1649 autem
782 1581 905 1665 ipsi
957 1602 991 1648 a
1049 1582 1279 1665 placito
1334 1581 1784 1665 Pythagoricae
1830 1585 2084 1651 scholae

164 1699 551 1786 primario,
601 1701 779 1782 quod
822 1716 919 1765 cst
964 1699 1040 1765 de
1088 1700 1672 1784 metempsychosi,
1715 1701 2076 1785 ducuntur,

192 1834 343 1884 tum
392 1816 687 1900 princeps
748 1821 809 1881 iu
859 1816 937 1880 iis
997 1816 1308 1899 longeque
1360 1816 1856 1900 elegantissimus
1899 1818 2080 1886 locus

196 1936 315 2002 ille
352 1947 505 2014 at,
551 1932 660 1999 ubi
698 1933 776 1999 de
817 1934 1132 1999 harmonia
1176 1933 1428 2015 agitur,
1473 1934 1578 1999 cui
1617 1935 1887 2001 animum
1929 1935 2085 2001 assi·

201 2052 516 2120 milabant
562 2052 963 2136 Pythagorei.
1013 2052 1096 2120 (²)
1206 2051 1308 2116 Fit
1354 2050 1481 2129 ita,
1527 2068 1598 2116 ut
1638 2049 2081 2117 sublimitatem

201 2170 475 2236 scholae
521 2168 964 2251 Pythagoricae
1012 2186 1153 2233 cum
1195 2167 1514 2234 Socratica
1559 2167 1902 2234 disserendi
1941 2167 2084 2234 dili-

194 2289 430 2370 gentia
468 2286 557 2351 sic
590 2287 1029 2370 conjunctam,
1077 2300 1149 2351 ut
1195 2285 1260 2350 in
1300 2284 1629 2351 Phaedone
1673 2300 1812 2366 est,
1852 2286 1918 2352 in
1947 2286 2087 2353 aliis

204 2403 500 2472 Platonis
555 2403 822 2485 dialogis
883 2404 1050 2469 haud
1112 2402 1515 2486 reperiamus.
1613 2402 1687 2469 In
1740 2405 1859 2469 boc
1906 2403 2084 2486 equi·

200 2523 353 2589 dem
416 2522 666 2605 dialogo
728 2522 925 2603 ipsam
996 2520 1147 2586 mihi
1192 2521 1431 2585 ‘videor
1487 2521 1716 2605 ingenii
1779 2522 2085 2589 Platonici

206 2639 629 2707 maturitatem
693 2656 1070 2723 agnoscere:
1123 2658 1285 2720 quae
1335 2656 1466 2703 non
1514 2640 1720 2705 solum
1764 2640 1828 2704 in
1878 2639 2084 2722 philo·

204 2754 526 2838 sophandi
553 2800 578 2833 ‚
634 2755 744 2819 sed
795 2754 973 2818 etiam
1016 2752 1327 2818 scribendi
1361 2754 1640 2835 ratione,
1679 2773 1862 2836 quam
1902 2773 2086 2820 usur-

203 2875 430 2959 pavit,
487 2871 790 2937 cernitur.
894 2871 965 2937 In
1005 2870 1251 2936 Politia
1295 2869 1625 2936 scribenda
1667 2871 1842 2938 Plato
1882 2890 2084 2937 rerum

210 2991 570 3076 gravitate,
648 3006 805 3071 quas
887 2987 1281 3070 inquirebat,
1357 3006 1703 3072 occupatus
1762 2988 2090 3074 abreptus-

210 3129 340 3191 que
401 3108 727 3187 videtur‚'
766 3123 897 3187 quo
967 3107 1173 3171 minus
1235 3106 1526 3174 dramatis
1580 3106 1876 3174 rationem
1932 3124 2089 3176 con·

208 3241 457 3293 stanter
496 3237 887 3306 sequeretur.
956 3222 1336 3289 Praeclarum
1382 3223 1772 3307 prooemium
1807 3239 1947 3305 est,
1982 3242 2084 3307 et,

212 3341 520 3428 quamdiu
560 3338 964 3407 sermonibus
1005 3339 1259 3405 interest
1299 3339 1809 3423 Thrasymachus
1833 3387 1859 3419 ‚
1889 3338 2090 3407 forma

212 3459 446 3545 dialogi
497 3477 759 3542 prorsus
801 3473 899 3525 est
944 3456 1313 3539 dramatica3
1351 3456 1417 3520 in
1457 3455 1761 3540 proximis
1798 3475 1949 3522 vero
1986 3476 2093 3523 us·

210 3594 339 3657 que
374 3578 459 3642 ad
506 3576 740 3643 exitum
795 3574 1005 3656 ope‘ris
1046 3574 1252 3639 drama
1296 3590 1437 3638 esse
1486 3571 1712 3638 desinit
1755 3572 2085 3655 dialogus,

208 3711 339 3760 non
381 3709 531 3774 est,
584 3692 706 3759 nisi
764 3693 1039 3759 Socratis
1087 3710 1227 3757 cum
1282 3690 1534 3756 duobus
1581 3689 2083 3756 adolescentibus

209 3806 334 3876 illis
374 3810 799 3893 colloquium.
888 3809 1043 3876 Non
1091 3810 1174 3877 ita
1212 3825 1352 3873 sese
1388 3808 1635 3875 Phaedo
1677 3808 1881 3883 habet.
1968 3809 2087 3875 Vi·

1974 3926 2081 3993 dc·

285 4084 373 4152 (ι)
414 4084 713 4139 Phaedone
744 4086 828 4141 61.
854 4084 928 4138 D.
1027 4086 1111 4155 (a)
1153 4080 1290 4137 Eod-
1311 4083 1398 4137 85.
1423 4082 1486 4138 E.
