2792 5167
1434 454 1786 519 ...16-

649 607 1006 708 ‘commune
1047 634 1476 724 principium:
1522 645 1587 701 et
1634 653 1786 700 vero
1853 631 1998 699 hinc
2057 631 2252 701 forte·
2276 637 2397 721 jam
2440 651 2555 702 su.

677 758 957 843 spicetur
1012 755 1304 837 aliquis,
1347 752 1533 834 quale
1590 749 1672 820 sit
1732 747 1892 816 illud
1950 750 2247 833 undeque
2298 750 2555 836 proffic-

687 889 870 957 tum,
913 873 1092 957 quod
1137 869 1363 939 Cicero
1408 866 1781 952 praedicavit
1815 866 2265 950 disertissime,
2310 874 2551 936 artium

683 995 954 1059 omnium
1007 1005 1071 1055 et
1114 987 1550 1058 doctrinarum
1601 1004 1913 1052 commune
1938 986 2289 1054 ⁸vimulum.
2402 989 2556 1077 Quo

687 1127 840 1180 sane
915 1107 1145 1192 placito
1204 1105 1310 1173 vix
1371 1105 1572 1176 ullum
1616 1101 1886 1176 -,exstitit
1960 1103 2025 1169 in
2094 1104 2499 1188 philosophia
2523 1153 2554 1187 ,

689 1224 866 1308 quod
898 1239 1223 1308 germanos
1265 1220 1690 1306 philosophos
1725 1219 1918 1305 magis
1948 1220 2416 1305 jucundiusque
2453 1233 2551 1289 tc·

689 1356 890 1407 neret.
979 1339 1124 1405 Nos
1184 1357 1335 1406 vero
1380 1356 1462 1404 ne
1510 1336 1915 1405 festinemus!
1982 1338 2188 1405 Lente
2221 1341 2557 1427 progredi-

687 1469 796 1548 tur
843 1457 1155 1534 ,Socrates
1179 1501 1206 1535 ,
1249 1456 1563 1539 {quaeque
1618 1455 1744 1540 jam
1792 1470 1910 1537 spe
1968 1467 2030 1518 et
2080 1455 2552 1537 exspectatione

685 1573 1123 1659 praecepimus
1150 1620 1175 1654 ‚
1219 1591 1338 1638 suo
1391 1571 1580 1638 nobis
1634 1573 1781 1638 loco
1822 1570 1964 1638 sive
2011 1570 2379 1638 monstrabit
2418 1572 2561 1641 sive

695 1692 1026 1757 divinanda
1073 1689 1417 1773 praebebit.
1546 1687 1738 1754 Nunc
1802 1702 2107 1754 monstrat
2147 1687 2304 1770 alia,
2391 1690 2559 1757 unde

679 1807 770 1872 'ad
841 1783 986 1871 ‘rem
1053 1814 1438 1886 praesentem
1464 1848 1489 1882 ‚
1574 1805 1653 1868 ad
1718 1803 1992 1871 indolem
2064 1806 2555 1889 cognoscendam

683 1920 1134 2006 philosopham
1175 1965 1199 1999 ‚
1301 1920 1722 2003 conjecturam
1813 1937 2039 2003 capere
2112 1922 2316 1989 liceat.
2440 1922 2557 1989 Vi-

692 2037 762 2105 ni
797 2017 1130 2104 'memorat
1195 2033 1416 2100 avidos
1442 2081 1467 2114 ,
1545 2031 1761 2098 avidos
1828 2034 2011 2101 etiam
2075 2035 2362 2103 honoris.
2469 2037 2557 2104 11-

688 2157 798 2222 ·los
825 2173 854 2236 ‚¹
912 2153 997 2219 ait
1015 2200 1039 2232 ,
1106 2169 1317 2217 nonne
1372 2150 1532 2217 idem
1582 2148 1785 2217 facere
1840 2150 2017 2217 vides
2043 2199 2068 2232 ,
2113 2154 2287 2236 quod
2326 2167 2557 2220 amato-

685 2272 852 2339 res?
894 2272 1134 2336 nullum
1179 2287 1309 2332 non
1365 2267 1580 2333 vinum
1642 2268 1812 2334 nulla
1853 2287 1980 2334 non
2016 2269 2357 2360 ratione0et‘
2381 2290 2558 2339 com-

689 2389 1092 2457 mendatione
1139 2386 1407 2470 diligunt
1450 2400 1515 2451 et
1555 2385 1833 2451 laudant.
1875 2425 1964 2439 —
2003 2387 2108 2453 Sic
2158 2386 2422 2454 faciunt.
2465 2426 2563 2443 —-

695 2507 789 2574 Et
857 2524 1009 2572 vero
1067 2505 1177 2589 qui
1241 2503 1502 2569 honoris
1574 2517 1725 2569 sunt
1791 2504 2003 2589 cupidi
2066 2519 2130 2572 et
2195 2505 2561 2588 ambitiosi,

699 2625 861 2704 hos,
921 2620 1232 2701 arbitror,
1298 2617 1582 2698 novisti,
1648 2619 1705 2684 si
1764 2619 1993 2687 ducere
2050 2622 2359 2716 exercitus
2427 2639 2558 2690 non

699 2757 1020 2828 possunt,
1082 2739 1371 2803 tribunos
1430 2755 1573 2802 esse
1624 2736 1953 2820 lubenter,
2014 2739 2438 2822 eosdemque,
2504 2741 2564 2809 si

702 2859 870 2942 apud
929 2859 1190 2939 majores
1251 2853 1721 2936 nobilioresque
1796 2857 1976 2922 nullo
2040 2871 2196 2924 sunt
2268 2859 2516 2926 honore
2540 2906 2567 2941 ,

691 2987 1037 3038 contentos
1099 2989 1241 3036 esse
1286 2987 1541 3049 tamen,
1612 2972 1719 3037 ubi
1766 2993 1801 3037 a
1858 2971 2206 3040 minoribus
2266 2991 2332 3039 et
2385 2976 2573 3059 igno-

685 3086 1038 3155 ·bilioribus
1119 3086 1555 3154 honoranturz
1648 3089 1884 3171 quippe
1953 3087 2210 3153 omnino
2296 3090 2569 3158 honoris

707 3205 1003 3290 cupidos·
1046 3238 1140 3258 ·-
1178 3205 1273 3271 Ita
1328 3205 1512 3288 plane
1560 3224 1631 3271 se
1687 3223 1782 3271 res
1832 3203 2039 3270 habet.
2096 3244 2183 3258 —
2238 3205 2386 3271 Hoc
2445 3209 2571 3294 igi-

693 3338 853 3409 tur,
917 3342 958 3389 o
1023 3321 1273 3389 Glauco
1299 3370 1322 3403 ‚
1385 3314 1488 3390 vel
1546 3321 1961 3387 affirmandum
2022 3338 2121 3387 est
2172 3321 2363 3390 nobis
2390 3371 2414 3405 ,
2458 3328 2570 3393 vel

707 3459 783 3513 tu
807 3489 831 3527 ,
912 3443 970 3510 si
1019 3417 1204 3526 potes
1228 3489 1249 3523 ‚
1318 3460 1512 3526 nega,
1574 3438 1685 3521 qui
1740 3452 2043 3521 expetunt
2094 3439 2331 3523 aliquid
2373 3444 2574 3512 vehe-

708 3580 951 3633 menter
973 3610 999 3645 ,
1076 3579 1208 3626 non
1269 3560 1489 3646 partim
1550 3559 1671 3624 hoc
1727 3556 1871 3622 illos
1936 3558 2280 3642 persequi,
2338 3561 2572 3643 partim

712 3697 1155 3759 contemnere,
1201 3677 1310 3743 sed
1350 3691 1555 3743 toturn
1582 3695 1587 3704 ·
1614 3675 1895 3759 diligere.
1945 3714 2037 3731 -
2096 3675 2342 3743 Totum
2369 3678 2566 3760 illud,

701 3795 854 3877 '‘aj0,
898 3794 1190 3880 diligunt.
1256 3826 1347 3846 -—
1408 3790 1584 3874 Ergo
1645 3791 1982 3877 Φιλόσοφον
2025 3789 2301 3860 dicemus
2353 3799 2572 3880 σοφίας

703 3921 866 3978 esse’
902 3925 1233 3977 amatorem
1257 3957 1281 3991 ,
1324 3927 1455 3976 non
1509 3907 1836 3992 peculiaris
1875 3909 2195 3993 cujusdam
2216 3956 2242 3991 ,
2286 3909 2394 3976 scd
2439 3929 2579 3977 om-

714 4025 813 4097 nis
874 4025 1157 4112 omnine,
1220 4062 1311 4078 —
1369 4025 1643 4110 Omnis,
1682 4021 1910 4108 fateor.
1971 4061 2059 4102 -ς-
2119 4025 2573 4113 Eumigitur,

1934 4165 1939 4172 ·
2456 4146 2575 4226 qui
