2792 5167
741 380 770 399 a

1390 414 1783 481 —180—

651 606 943 676 rogamus
964 640 989 675 ,
1057 607 1126 659 ut
1179 608 1493 676 praestent
1544 595 1733 661 nobis
1760 642 1784 675 ,
1848 616 2006 677 quae
2045 596 2518 681 ‚desideramuse

651 710 1031 794 Imaginibus
1093 712 1241 776 baec
1292 711 1527 794 magis,
1581 731 1767 793 quam
1822 714 2031 780 verbis
2069 730 2131 780 et
2188 715 2522 781 sententiis

654 826 917 893 declarat
955 826 1274 909 Diotime,
1319 829 1432 893 sed
1468 828 1733 894 declarat
1778 845 2008 896 tamen.
2097 832 2337 915 Pauper
2370 846 2522 911 est,

643 940 901 1022 inquit,
967 961 1141 1007 amor
1173 986 1196 1021 ,
1275 945 1514 1026 quippe
1584 957 1835 1009 matrem
1932 946 2166 1012 habens
2245 952 2515 1028 Πενίανὸ

655 1059 766 1123 sed
817 1064 1110 1144 πορίζεται
1134 1104 1159 1138 ,
1245 1058 1596 1147 suppeditat
1666 1061 1788 1124 sibi
1809 1108 1833 1142 ,
1934 1063 2143 1128 omnia
2164 1109 2188 1144 ‚
2275 1065 2523 1148 quippe

646 1187 880 1257 patrem
945 1173 1131 1240 etiam
1186 1174 1458 1242 referens
1506 1179 1709 1260 Πάρον.
1761 1172 1823 1219 (·)
1931 1175 2099 1242 Tum
2161 1198 2315 1244 vero
2372 1180 2528 1245 dae·

647 1308 897 1358 monem
954 1288 1139 1373 fingit
1210 1293 1509 1358 Amorem
1530 1339 1556 1371 ,
1619 1291 1732 1374 qui
1769 1291 2091 1358 hominum
2156 1313 2374 1375 preces
2435 1294 2521 1358 ad

655 1409 824 1476 Deos
846 1457 871 1492 ,
932 1410 1213 1477 Deorum
1296 1408 1598 1475 beneficia
1670 1409 1750 1474 ad
1799 1408 2081 1474 homines
2143 1407 2513 1475 transfer-att

533 1546 542 1563 ¹
649 1525 717 1591 in
772 1526 1007 1609 quibus
1052 1526 1282 1612 pariter
1329 1547 1389 1592 et
1434 1525 1770 1611 indigentia
1808 1525 2082 1590 cernitur
2145 1525 2407 1590 humana
2451 1538 2521 1589 et

647 1642 911 1710 facultas
947 1645 1183 1724 simul,
1232 1663 1391 1726 quae
1426 1643 1571 1707 hinc
1619 1641 1895 1709 exsistit.
1984 1643 2103 1708 Per
2127 1643 2334 1723 hunc,
2376 1641 2517 1722 ait,

646 1759 855 1823 omnis
913 1758 1197 1839 procedit
1277 1757 1597 1823 divinandi
1640 1776 1737 1821 ars
1764 1800 1788 1836 ‚
1851 1757 2054 1823 omnis
2117 1759 2517 1823 sacerdotum

641 1874 707 1939 in
752 1872 1072 1940 sacrificiis
1098 1919 1124 1954 ,
1187 1869 1649 1938 initiationibus
1670 1920 1695 1953 ‚
1739 1871 2272 1941 incantationibus
2319 1856 2516 1938 (σιω.

637 1991 727 2057 tia
785 2005 846 2056 et
876 1989 1219 2076 diligentia.
1305 1992 1481 2059 Deus
1512 2009 1657 2055 cum
1707 1989 1961 2055 homine
1997 2007 2128 2053 non
2164 1989 2468 2056 miscetur
2486 1994 2521 2071 ,⁶

639 2109 754 2175 sed
811 2126 925 2191 per
977 2108 1144 2175 hunc
1187 2109 1546 2173 daemonem
1592 2105 2033 2172 commercium
2078 2125 2262 2171 omne
2316 2123 2512 2189 atque

551 2218 558 2229 ’
633 2227 1030 2309 conoquium
1085 2224 1245 2290 inter
1294 2226 1469 2292 Deos
1508 2222 1920 2305 hominesque
1973 2222 2258 2305 procedit
2299 2238 2362 2288 et
2408 2224 2511 2291 vi-

637 2342 975 2428 gilmtibus
1030 2340 1217 2407 nobis
1262 2355 1323 2406 et
1381 2338 1859 2408 dormientibus.
1894 2341 1956 2384 ω

717 2460 822 2528 Ex
867 2461 966 2525 his
988 2457 1279 2524 omnibus
1303 2456 1459 2539 quid
1480 2457 1627 2522 du‘ci
1651 2458 1897 2541 possit,
1923 2459 2002 2525 ad
2039 2479 2136 2526 res
2155 2458 2397 2526 divinas
2437 2474 2505 2525 et

629 2572 934 2644 humanas
978 2572 1369 2657 explicandas
1385 2621 1412 2654 ‚
1434 2573 1836 2656 philosophis
1861 2575 2289 2659 explicandum
2312 2575 2504 2641 relin-

636 2694 917 2778 quimus.
1008 2693 1153 2759 Nos
1187 2708 1339 2755 vero
1378 2689 1939 2758 animadvertamus
1963 2735 1986 2770 ,
2012 2709 2089 2756 ex
2128 2690 2347 2757 iisdem
2368 2691 2499 2759 ini·

630 2810 958 2896 principiis
1002 2824 1064 2874 et
1124 2807 1241 2874 alia
1279 2810 1477 2873 mulia
1534 2805 1835 2872 illustrari
1859 2852 1884 2890 ,
1928 2826 2087 2889 quae
2141 2826 2253 2892 per
2295 2822 2499 2876 totam

623 2930 784 2996 hanc
858 2924 1360 3008 disquisitionem
1416 2944 1498 2988 ex
1571 2923 1830 2990 Platone
1905 2924 2271 3007 attulimus,
2355 2940 2496 2993 tum

619 3045 858 3110 dictum
879 3040 1230 3124 Agathonis
1275 3038 1807 3123 elegantissimum
1841 3039 1919 3105 de
1961 3039 2183 3107 artium
2234 3042 2488 3109 studiis.

623 3162 857 3239 Poeta,
915 3157 1120 3241 dixit,
1172 3176 1347 3222 amor
1411 3171 1547 3223 est:
1597 3158 1724 3223 imo
1768 3176 1917 3223 vero
1957 3157 2046 3223 sic
2106 3173 2201 3223 est
2252 3166 2493 3242 poeta,

601 3291 695 3341 ,ut
755 3288 816 3339 et
888 3271 1073 3337 alium
1130 3271 1374 3338 efficiat.
1463 3282 1598 3350 Πᾶς
1662 3284 1805 3356 γοῦν
1860 3280 2101 3352 ποιητὴς
2158 3279 2483 3355 γίγνεται,

623 3398 736 3479 κᾷν
785 3393 1042 3475 ἄμουσος
1092 3389 1127 3468 ἦ
1164 3394 1365 3473 τοτε-μὶν
1388 3442 1407 3466 ,
1452 3391 1520 3460 αὖ
1576 3395 1650 3461 ἂν
1695 3393 1885 3473 Ἔρως
1941 3390 2208 3472 ἅψηται·
2274 3402 2345 3454 ut
2388 3405 2490 3457 est

616 3509 685 3576 in
737 3507 1138 3590 Euripideis.

555 1829 589 1844 u

1553 3630 1825 3707 μουσικὸν
1865 3628 1916 3693 δ’
1954 3626 2075 3707 ἄρα

1038 3744 1230 3827 Ἔρως
1272 3742 1533 3813 διδάσκει
1569 3748 1680 3826 κᾷν
1730 3743 1987 3827 ἄμουσος
2028 3740 2094 3818 ἦν
2132 3748 2201 3812 τὸ
2244 3746 2375 3826 πρὶν
2417 3743 2483 3790 ω

1381 3954 1390 3961 κ
2318 3859 2485 3959 Quis

682 3970 765 4038 (ι)
806 3967 1054 4035 sympnt.
1094 3972 1212 4023 203.
1252 3973 1325 4023 D.
1532 3973 1636 4043 (α)
1679 3972 1870 4043 Symp·
1906 3988 2025 4029 ²02·
2063 3968 2129 4026 E·

677 4056 770 4130 (5)
813 4053 882 4107 V.
921 4050 1118 4108 Valck.
1161 4057 1339 4110 Dic-tr.
1373 4076 1430 4126 p.
1468 4072 1590 4130 ²⁰7·
2116 4060 2133 4071 ‘
