2792 5167
1513 518 1868 579 *4-

756 695 904 769 pres
925 730 950 768 ‚
990 683 1199 767 qualis
1240 682 1445 751 adhuc
1487 683 1828 768 obtigisset
1871 685 2198 767 poetarum
2241 694 2513 748 veterum
2545 695 2604 746 et

754 782 1197 869 recentiorum.
1294 799 1517 883 Itaque
1566 816 1809 885 gratum
1867 799 2022 866 mihi
2074 798 2392 866 accidebat
2443 798 2610 865 diiec-

755 917 984 984 tissimi
1037 917 1235 1003 patris
1309 919 1645 986 consilium
1665 966 1692 1001 ‚
1770 933 1844 984 ut
1905 914 2358 985 Amstclodami
2429 930 2612 982 uterer

752 1033 1247 1103 celebratissima
1322 1035 1568 1105 Crassii
1659 1034 2058 1102 institutione
2078 1081 2105 1116 ‚
2167 1033 2409 1119 quippe
2476 1050 2615 1100 con-

747 1152 1016 1237 juncta,
1060 1153 1157 1219 uti
1195 1173 1598 1238 acceperam,
1638 1171 1785 1221 cum
1831 1151 2168 1219 Ciceronis
2224 1165 2291 1217 et
2339 1149 2618 1232 antiquae

753 1265 1199 1353 philosophiae
1227 1269 1482 1336 studio:
1528 1269 1643 1336 sed
1685 1268 1847 1336 idem
1894 1267 2052 1335 mihi
2097 1282 2232 1335 erat
2275 1267 2461 1349 longe
2492 1281 2622 1348 gra·

750 1383 1067 1453 tissimum
1088 1430 1114 1466 ‚
1173 1401 1248 1451 ut
1300 1385 1539 1454 aditum
1588 1386 1746 1454 mihi
1801 1401 2030 1476 sponte
2073 1384 2499 1471 praebiturum
2547 1381 2623 1448 ad

751 1502 1104 1588 principem
1157 1502 1336 1571 ilium
1389 1503 1674 1572 Platonis
1728 1502 2128 1588 interpretem
2159 1550 2188 1585 ‚
2264 1519 2450 1586 quem
2502 1502 2624 1587 jam

753 1615 893 1686 dier
939 1633 1288 1702 noctesque
1322 1618 1679 1701 cogitabam
1697 1663 1725 1700 ‚
1767 1616 2357 1702 wyttenbachium.
2439 1614 2626 1683 Hunc

748 1734 951 1817 igitur
993 1749 1067 1800 ut
1096 1735 1224 1800 adii
1265 1738 1567 1820 (vespera
1614 1748 1784 1799 erat:
1849 1749 2100 1818 tempus
2138 1749 2203 1801 et
2246 1734 2456 1798 iocum
2505 1750 2634 1797 me·

753 1849 947 1934 mini)
1016 1869 1310 1933 quaerere
1372 1850 1482 1917 ilie
1548 1848 1854 1917 continuo
1915 1849 1994 1915 de
2062 1847 2291 1916 studiis
2359 1847 2513 1916 meis
2567 1864 2634 1915 et

755 1966 1197 2055 progressibus
1216 1986 1240 2035 ε
1286 1985 1410 2051 ego
1445 1968 1528 2034 de
1561 1966 1867 2036 Nodeilio
1911 1986 2157 2034 narrare
2199 1982 2264 2034 et
2310 1967 2416 2033 de.
2439 1966 2636 2053 scrip·

754 2084 1005 2152 toribus
1050 2105 1087 2151 a
1138 2104 1239 2151 me
1292 2085 1576 2153 tractatis
1593 2128 1623 2170 ,
1663 2085 1927 2153 maxime
1965 2085 2216 2170 poetisz
2261 2086 2366 2153 iile
2405 2083 2638 2152 librum

753 2202 909 2271 mihi
967 2204 1037 2270 in
1089 2219 1311 2270 manus
1359 2203 1506 2268 dare
1576 2202 1691 2284 qui
1755 2216 2008 2287 praesto
2077 2216 2247 2283 erat,
2308 2216 2373 2267 et
2425 2202 2640 2270 locum

754 2333 1103 2387 monstrare
1154 2338 1342 2403 quem
1386 2318 1657 2411 legerem
1695 2332 1761 2384 et
1801 2317 2278 2403 interpretarerr
2325 2333 2498 2386 erant
2543 2319 2644 2405 ip·

751 2436 889 2504 sius
937 2435 1182 2504 selecta
1218 2435 1688 2505 Historicorum
1725 2434 1922 2501 modo
1957 2433 2123 2500 edita
2141 2478 2168 2515 ‚
2207 2435 2392 2502 loeus
2428 2448 2645 2502 autem

755 2552 1159 2636 Thucydidis
1224 2553 1305 2620 de
1355 2567 1536 2638 peste
1593 2552 2029 2620 Athenarum:
2105 2567 2254 2633 ego,
2300 2549 2649 2619 subtimide

749 2673 957 2756 legere
980 2717 1007 2751 ,
1066 2688 1185 2738 nec
1231 2668 1436 2756 probe
1487 2668 1907 2754 interpretari.
1993 2665 2166 2737 Tum
2231 2667 2449 2736 nescio
2517 2689 2653 2752 qua

752 2784 1228 2874 opportunitate
1246 2835 1272 2870 ‚
1354 2783 1470 2853 sed
1535 2783 1725 2852 fiebat
1781 2783 2063 2853 Platonis
2135 2782 2396 2850 mentio.
2512 2784 2652 2854 Hic

749 2903 857 2974 ine
876 2950 904 2987 ‚
947 2920 1021 2972 tu
1039 2952 1068 2987 ‚
1110 2905 1317 2988 inquit
1336 2949 1363 2987 ‚
1424 2903 1746 2974 Platonem
1794 2900 2059 2986 legisti?
2120 2900 2278 2972 Non
2329 2900 2454 2985 legi
2474 2948 2501 2983 ‚
2551 2902 2654 2970 in·

752 3039 940 3104 quam
967 3067 991 3102 ‚
1036 3022 1149 3089 scd
1182 3020 1481 3105 -percurri
1524 3020 1908 3105 Apologiam
1946 3033 2009 3084 et
2046 3019 2482 3085 Phaedonemt
2533 3038 2654 3084 cu-

750 3155 962 3223 perem
1014 3150 1224 3204 autem
1263 3137 1468 3218 legere
1514 3149 1578 3200 et
1622 3135 1965 3216 intelligere
1982 3180 2009 3215 ‚
2053 3147 2118 3199 et
2171 3137 2285 3200 hac
2326 3151 2443 3219 spe
2485 3134 2660 3201 Am·

642 3219 654 3246 ¹
749 3252 1163 3320 stelodamum
1220 3251 1414 3333 veni,
1472 3265 1547 3317 ut
1602 3251 1732 3318 tuis
1796 3264 2005 3317 uterer
2053 3248 2480 3332 lectionibus,
2529 3266 2603 3319 et
2629 3295 2658 3335 ‚

751 3370 811 3440 zi
855 3370 1068 3439 liceret
1086 3351 1117 3451 ,’
1174 3369 1435 3437 monitis
1486 3368 1635 3436 item
1694 3368 1823 3435 tuis
1875 3382 1941 3434 et
1994 3367 2416 3436 sermonibus&
2507 3370 2667 3437 Pla-

747 3488 930 3556 cebat
973 3505 1348 3570 responsum
1397 3485 1540 3552 viro
1595 3503 1880 3553 summo:
1929 3499 2099 3552 certe
2135 3486 2452 3570 extemplo
2508 3506 2670 3556 mu-

752 3607 870 3674 tari
916 3605 1249 3673 videbatur
1295 3617 1503 3670 totus.
1590 3601 1759 3672 Nam
1799 3602 2224 3687 explicabatur
2268 3599 2454 3672 frons
2490 3624 2672 3674 eon-

752 3736 948 3791 tracta
968 3768 995 3803 ‚
1036 3722 1247 3788 aberat
1293 3719 1592 3787 severitas
1629 3720 1736 3787 iiia
1786 3719 1852 3787 in
1905 3719 2170 3786 tironem
2209 3722 2453 3789 scilicet
2508 3742 2672 3791 sus..

754 3852 937 3922 cepta
990 3841 1147 3904 male
1192 3840 1499 3920 legentem
1554 3850 1619 3904 et
1672 3837 1830 3904 male
1887 3835 2389 3922 interpretantem
2413 3857 2437 3905 ε
2507 3840 2680 3908 ade-

755 3966 857 4018 rat
905 3950 972 4016 in
1032 3952 1218 4017 vultu
1271 3950 1426 4018 mira
1476 3951 1744 4019 comitas
1799 3966 1864 4018 et
1910 3951 2368 4021 benivolentiae
2401 3952 2684 4037 signifi-

755 4068 947 4138 catio,
1024 4068 1276 4150 Macte,
1330 4069 1562 4151 sodes,
1605 4069 1858 4151 inquit,
1904 4070 2142 4139 virtute
2179 4083 2322 4136 tua:
2349 4086 2539 4144 „nam
2586 4075 2684 4146 de

2577 4209 2684 4259 eo

587 4815 761 5130 γ
