2792 5167
861 454 1250 520 -14s-

116 626 201 692 ad
253 625 390 710 ejus
446 621 714 707 speciem
774 620 1156 689 informaret.
1243 619 1587 688 Audiamus
1634 617 1824 704 igitur
1860 615 1978 686 80¹·

112 756 391 823 cratem,
435 739 527 805 sic
591 741 667 806 de
717 757 793 804 eo
834 738 1266 807 disserentem.
1350 737 1514 825 Quis
1548 738 1671 822 jam
1700 783 1724 817 ,
1788 743 1972 818 quae-³

112 857 250 937 rit,
317 856 658 924 secundum
722 856 878 921 hanc
942 855 1377 938 rempublicam
1438 855 1590 920 vir?
1650 856 1968 936 quomodo

112 973 365 1042 exsistit
415 989 477 1039 et
535 973 735 1056 qualis
792 973 942 1040 est?
1029 974 1151 1040 Hic
1193 973 1601 1052 Adimantu3‚
1663 971 1861 1037 oculis·
1904 971 1970 1036 in

111 1089 369 1156 fratrem
425 1088 794 1168 conversiS‚
875 1107 1013 1154 reor
1100 1106 1239 1154 eum
1310 1088 1597 1168 equidem
1626 1135 1650 1170 ,
1711 1086 1968 1169 inquit,

113 1205 437 1273 Glauconi
484 1205 629 1271 huic
676 1220 895 1270 nostro
919 1251 944 1286 ‚
1008 1207 1178 1286 quod
1223 1204 1684 1271 contentionem
1740 1220 1804 1269 et
1845 1223 1972 1269 am·

114 1321 425 1390 bitionem
467 1322 728 1402 attinet,
785 1323 946 1389 haud
983 1321 1343 1388 dissimilem
1386 1339 1549 1387 esse.
1607 1320 1805 1414 dTum
1846 1320 1964 1387 Soa

117 1454 362 1518 crates,
410 1437 722 1518 fortasse,
765 1438 1052 1521 reponit,
1095 1438 1209 1504 hac
1252 1437 1317 1503 in
1359 1457 1426 1504 re
1467 1437 1523 1503 ei
1567 1435 1785 1503 similis
1831 1452 1972 1516 est,

116 1567 523 1620 veruntamen
579 1551 643 1617 in
701 1552 835 1618 aliis
894 1571 1023 1618 non
1078 1552 1249 1619 item.
1317 1586 1412 1604 -
1470 1551 1725 1640 Quibus
1767 1551 1834 1617 in
1877 1571 1976 1616 re·

117 1668 298 1736 bus?
335 1705 429 1723 -
482 1670 1024 1737 contumaciorem
1062 1686 1207 1734 sane
1246 1687 1385 1734 eum
1430 1687 1566 1735 esse
1590 1669 1846 1734 necesse
1879 1684 1978 1734 est

117 1799 185 1851 et
246 1806 283 1851 a
333 1786 571 1853 musica
633 1785 1093 1868 quodammodo
1134 1784 1485 1850 alieniorem
1512 1832 1534 1865 ,
1579 1786 1850 1850 musicae
1885 1799 1979 1849 ta·

120 1920 262 1967 men
301 1903 597 1986 cupidum
633 1901 769 1984 (¹);
834 1918 894 1967 et
948 1899 1232 1967 audiendi
1273 1901 1522 1983 quidem
1570 1901 1924 1967 studiosum
1950 1947 1974 1980 ,

122 2018 371 2084 dicendi
411 2038 561 2084 vero
605 2018 871 2101 peritum
909 2035 1321 2100 nequaquam.
1396 2018 1485 2084 Et
1528 2017 1641 2084 erit
1682 2019 1977 2083 adversus

123 2151 353 2201 servos
394 2135 692 2216 quosdam
730 2135 988 2218 agrestis
1028 2132 1384 2218 hujusmodi
1431 2132 1571 2213 vir,
1636 2133 1799 2198 haud
1853 2151 1984 2199 ser·

125 2268 249 2316 vos
289 2248 677 2331 despiciens,
735 2251 1249 2333 quemadmodum
1306 2249 1408 2315 vir
1450 2263 1615 2315 recte
1652 2249 1978 2327 eruditus,

123 2385 269 2449 erga
311 2366 540 2432 liberos
572 2380 769 2432 autem
811 2369 928 2433 erit
957 2366 1164 2434 mitis:
1210 2384 1350 2450 erga
1384 2365 1696 2450 principes
1730 2363 1976 2448 quidem'

128 2482 430 2548 obediens
489 2482 788 2562 maxime,
851 2483 963 2548 sed
1013 2498 1072 2549 et
1125 2482 1515 2566 principatus
1563 2499 1624 2549 et
1666 2483 1977 2550 honorum

123 2599 411 2680 avidior,
471 2615 764 2682 oportere
819 2597 1181 2667 existimans
1239 2617 1371 2664 non
1425 2615 1555 2664 arte
1592 2599 1841 2665 dicendi
1877 2602 1977 2666 vel

126 2717 242 2783 alia
282 2714 506 2798 quavis
548 2714 737 2781 simili
773 2712 1113 2794 facultate,
1173 2717 1281 2781 sed
1319 2716 1506 2781 rebus
1547 2714 1785 2782 bellicis
1822 2715 1976 2781 civi-

124 2831 423 2915 libusque
473 2831 767 2897 excellere
825 2846 886 2895 et
939 2831 1196 2896 caeteris
1236 2850 1557 2914 praeesse,
1604 2851 1743 2897 cnm
1793 2831 1874 2898 sit
1914 2849 1976 2897 et
2041 2875 2050 2884 -

130 2949 544 3038 gymnasticae
578 2963 641 3015 et
682 2948 1028 3015 venationis
1063 2949 1389 3014 admodum
1433 2949 1780 3015 studiosus.
1824 2949 1980 3015 Cae-

126 3081 328 3132 terum
383 3064 675 3147 pecunias
735 3066 853 3130 iste
915 3064 976 3130 in
1034 3066 1371 3150 juventute
1417 3067 1803 3146 contemnit,
1849 3085 1978 3147 quo

132 3201 283 3248 vero
335 3175 599 3246 senescit
659 3181 900 3263 magis,
966 3200 1043 3247 eo
1120 3183 1312 3265 magis
1366 3180 1660 3264 pecunias
1716 3181 1979 3264 diliget,

133 3298 311 3381 quod
364 3317 575 3366 avarae
627 3315 878 3364 naturae
935 3297 1293 3383 particeps,
1359 3315 1562 3379 neque
1603 3297 1838 3379 integer
1898 3295 1984 3360 sit

135 3415 217 3480 ad
270 3413 561 3481 virtutem
588 3462 614 3496 ‚
694 3413 841 3496 quia
920 3410 1160 3496 optimo
1244 3414 1506 3478 custode
1575 3427 1762 3477 caret.
1862 3412 1984 3477 Est

1877 3545 1987 3589 au·

209 3666 290 3736 (ι)
330 3664 503 3718 Prnvn
562 3664 907 3718 distinctione
969 3663 1287 3718 conturbata
1347 3659 1479 3714 haec
1540 3666 1681 3712 aunt.
1761 3658 1988 3725 Legitur

138 3764 309 3819 enims
348 3759 705 3834 αὖθιδέςερόν
751 3781 818 3819 τε
863 3758 955 3818 'ei'
993 3758 1168 3817 αὐτον
1191 3755 1331 3817 εἶναι
1356 3759 1455 3814 καὶ
1479 3754 1982 3826 ὑποαμουσότερον

141 3857 494 3932 Φιλόμουσον
537 3855 600 3916 δὲ
643 3860 742 3915 καὶ
785 3855 1063 3928 Φιλῆκοον
1105 3861 1249 3926 μὲν,
1286 3854 1565 3926 §neumas
1607 3849 1669 3910 δὲ
1714 3848 1989 3921 οὗδοιμῦς.

135 3945 461 4022 Distingui,
486 3955 546 4001 nt
565 3948 697 4002 fecit
716 3947 965 4002 picium:
1008 3972 1070 3989 ⁸-
1105 3949 1619 4022 ὑποαμρυσότερον,
1644 3945 1991 4020 φιλόμουσού

132 4051 218 4113 33·
264 4055 366 4113 καὶ
411 4047 547 4122 Φιλ.

262 4141 277 4170 '
1045 4137 1103 4204 K
