2792 5167
1440 497 1790 564 ...gg-.-

665 678 858 768 Quod
921 679 1219 766 placitum
1245 723 1272 759 ,
1358 692 1506 762 post
1563 676 1874 745 naconem
1935 677 2284 762 neglectum
2341 674 2471 743 fere
2492 722 2521 757 ,

639 797 999 864 dnsteuratd
1063 794 1392 882 superiore
1451 795 1701 862 saeculo
1754 791 2207 879 philosophia,
2272 791 2524 860 mirifice

658 911 900 1001 placuit
939 909 1342 998 philosophis
1365 958 1392 992 ,
1436 909 1795 996 praesertim
1849 907 2271 977 Gallofrancis
2294 929 2318 977 t
2368 930 2529 993 quo·

660 1047 801 1095 rum
851 1025 1168 1114 principes
1188 1071 1215 1107 ,
1253 1025 1619 1093 auctoribus
1667 1023 2113 1093 D'Alemberto
2148 1040 2216 1091 et
2253 1023 2531 1093 Condi!-

655 1144 869 1227 hcio,
933 1145 1182 1228 explere
1235 1141 1491 1228 Anglici
1552 1141 1921 1228 philosophi
1994 1159 2213 1209 votum
2268 1160 2520 1208 summo

654 1259 876 1330 ardore
922 1260 1323 1327 studuerunt.
1433 1259 1829 1349 Quamquam
1882 1278 1977 1326 res
2023 1277 2152 1326 non
2210 1243 2302 1327 ita
2352 1257 2522 1325 oeci·-

656 1375 753 1443 dit
775 1419 805 1460 ,
847 1391 926 1446 ur
950 1374 1120 1444 Baco
1156 1391 1486 1462 optaverat
1529 1391 1591 1443 et
1631 1374 1756 1461 ipsi
1792 1375 2265 1446 contenderunt.
2348 1369 2513 1443 Nem

652 1509 771 1562 nec
829 1493 980 1562 satis
1035 1494 1436 1579 exploratum
1478 1491 1605 1562 fuit
1652 1493 1971 1580 ingenium
2012 1495 2400 1577 humanum,
2439 1508 2521 1559 ut

658 1623 880 1676 onnes
933 1608 1080 1675 inde
1132 1623 1299 1675 artes
1354 1608 1801 1692 doctrinaeque
1862 1607 2047 1676 facile
2101 1607 2519 1689 ducerentur,

653 1727 1012 1810 ductaeque
1047 1725 1191 1790 inde
1226 1727 1690 1808 explicarentur
1744 1724 1902 1793 rite:
1970 1741 2033 1790 et
2070 1724 2434 1810 prodierunt
2480 1743 2521 1790 e

653 1855 837 1910 vesto
910 1840 1252 1927 proposito
1329 1842 1849 1925 encyclopaediae
1874 1887 1901 1924 ,
1988 1841 2323 1910 utilissima
2380 1861 2525 1908 sane

653 1974 846 2044 opere
895 1971 961 2025 et
1006 1953 1305 2042 sugendis
1348 1954 1939 2041 locupletandisque
1983 1957 2299 2027 doctrinis
2333 1959 2527 2043 aptis·

654 2074 859 2159 sima,
943 2075 1073 2142 imo
1127 2072 1473 2143 necessaris
1521 2073 1755 2157 hodie,
1834 2073 1948 2140 sed
2003 2075 2520 2160 encyclopaediae

654 2209 862 2261 tumen
884 2237 914 2278 ,
973 2191 1023 2259 i.
1067 2210 1129 2259 e.
1173 2191 1569 2259 vocabularie
1591 2238 1616 2273 ‚
1655 2190 1894 2276 quibus
1950 2206 2114 2260 artes
2174 2207 2241 2260 et
2296 2192 2528 2259 doctri·

653 2323 822 2392 nze,
898 2308 1019 2377 nisi
1066 2308 1380 2376 literarum
1443 2308 1668 2376 ordine
1690 2355 1717 2393 ,
1796 2309 1977 2375 nullo
2052 2308 2529 2378 continerentur

655 2426 940 2493 vinculo.
998 2423 1094 2492 Ut
1131 2442 1411 2507 unquam
1457 2423 1524 2491 in
1562 2426 1769 2494 lucem
1830 2427 1953 2495 tale
1990 2428 2385 2513 proditurum
2437 2429 2524 2496 sit

653 2560 866 2630 opus,
909 2542 1095 2628 quale
1131 2540 1258 2608 sibi
1297 2561 1416 2627 spe
1466 2555 1530 2611 et
1583 2545 2056 2630 exspectatione
2106 2543 2524 2614 informamnt

615 2659 1260 2746 encyelopaedistae·
1288 2659 1425 2743 illi,
1509 2674 1610 2728 est
1679 2663 1853 2745 quod
1925 2679 2267 2733 vereamur.
2397 2662 2533 2731 sed·

658 2777 1027 2864 quicunque
1077 2778 1181 2845 vel
1234 2776 1359 2842 hoc
1413 2779 1516 2843 vel
1570 2776 1778 2846 simile
1840 2780 2165 2866 negotium
2215 2779 2293 2847 ad
2353 2798 2524 2849 sum·

653 2911 826 2961 mum
883 2895 1308 2960 doctrinarum
1367 2896 1858 2964 emolumentum
1917 2898 2055 2966 sive
2108 2917 2287 2968 nunc
2340 2895 2533 2966 medi·

654 3022 864 3078 tantur
886 3053 911 3088 ,
954 3007 1093 3075 sive
1152 3010 1464 3094 peracturi
1513 3023 1669 3078 sunt
1707 3025 1931 3094 postea
1953 3054 1980 3091 ,
2022 3012 2142 3077 hos
2200 3012 2529 3095 oportebit

651 3139 720 3197 et
778 3126 1102 3196 Platonem
1155 3128 1361 3215 legere
1384 3175 1410 3210 ,
1494 3145 1606 3195 nec
1667 3144 1816 3193 sane
1873 3125 2199 3211 repudiare
2264 3126 2525 3196 Cicero·

655 3255 825 3336 nem.
911 3243 1089 3311 Plato
1130 3263 1261 3312 rem
1312 3259 1508 3314 totam
1531 3288 1558 3325 ,
1600 3257 1675 3311 ut
1714 3242 1917 3310 omnis
1970 3257 2092 3309 nos
2142 3243 2363 3310 docuit
2411 3261 2524 3310 su·

657 3358 873 3452 perior
901 3360 1292 3447 disputatio,
1334 3363 1416 3430 ab
1457 3361 1617 3447 ipsis
1658 3357 1986 3448 principiis
2029 3360 2303 3445 repetiit.
2348 3359 2530 3431 Sem-

657 3495 777 3565 per
825 3480 1153 3549 attendens
1217 3478 1490 3546 animum
1554 3494 1843 3546 nostrum
1867 3524 1894 3562 ,
1957 3478 2095 3545 sive
2151 3477 2232 3547 de
2284 3479 2533 3548 artibus

661 3599 1113 3680 quaerebatur,
1162 3615 1324 3680 quae
1379 3598 1459 3663 ad
1519 3596 1966 3664 humanitatem
2021 3595 2345 3680 pertinent
2366 3644 2393 3682 ,
2454 3597 2533 3662 de

661 3710 932 3793 musica,
975 3716 1053 3780 de
1095 3714 1323 3799 poesi,
1365 3714 1446 3779 de
1480 3714 1772 3800 pictura,
1815 3716 2187 3801 sculptura,
2230 3713 2523 3794 caeteris,

659 3843 881 3895 omnes
923 3846 1001 3896 ex
1049 3831 1267 3915 pulcri
1325 3848 1577 3913 amore,
1660 3844 1957 3913 tanquam
2009 3828 2196 3898 fonte
2254 3849 2537 3900 commu·

659 3939 773 4026 ni,
795 3953 879 4008 ·et
927 3945 1316 4013 naturalibus
1362 3945 1638 4016 hominis
1683 3935 1921 4015 studiis
1966 3966 2038 4014 ac
2081 3945 2413 4036 sensibus,
2458 3967 2532 4016 ex

653 4056 943 4130 'imitandi
998 4057 1255 4146 studiO,
1323 4082 1402 4132 ex
1460 4063 1745 4150 rhythmi
1802 4065 2282 4154 harmoniaeque
2343 4083 2541 4133 sensu
