2792 5167
1525 457 1870 536 -46—

759 635 1281 720 philosophorum
1349 634 1485 700 sive
1557 635 1817 717 argutiis
1893 634 2028 701 sive
2107 627 2316 721 impiis
2373 635 2598 702 cavilla-

754 752 1035 819 tionibus
1060 798 1086 833 ,
1163 768 1279 816 nec
1324 769 1478 818 vero
1530 751 1686 834 quid
1730 752 1866 836 ipsa
1923 767 2088 819 esset
2132 772 2446 837 quamque
2492 754 2600 818 late

754 884 1029 956 pateret,
1093 882 1239 953 apte
1301 868 1749 953 perspicerent.
1839 870 2057 954 Vulgo
2105 870 2270 936 enim
2327 867 2451 935 dici
2507 868 2603 934 ha-

755 986 1015 1068 berique
1057 959 1221 1051 solet
1273 984 1562 1052 doctrina
1618 987 1756 1054 sive
1824 990 2086 1054 scientia
2107 1035 2132 1069 ,
2191 1005 2228 1051 e
2286 985 2603 1071 principiis

757 1102 1132 1185 quibusdam
1197 1117 1479 1169 accurate
1563 1101 1838 1169 definitis
1905 1104 2092 1169 ducta
2166 1118 2230 1168 et
2297 1101 2604 1187 explicita.

756 1219 982 1306 Qualis
1041 1220 1098 1285 si
1149 1219 1428 1286 habenda
1491 1218 1575 1285 sit
1625 1218 2069 1304 philosophia,
2134 1218 2294 1285 idem
2355 1238 2500 1285 sane
2557 1221 2613 1285 ei

754 1336 1002 1403 evenire
1045 1336 1263 1402 debeat
1286 1384 1311 1418 ‚
1355 1337 1529 1420 quod
1573 1335 1762 1402 nullis
1812 1355 1941 1401 non
1985 1335 2287 1402 doctrinis
2310 1384 2334 1418 ‚
2405 1355 2618 1418 quam-

755 1452 853 1520 vis
917 1452 1097 1519 etiam
1140 1443 1448 1519 accuratis
1469 1501 1494 1535 ‚
1558 1453 1807 1520 evenire
1847 1456 2009 1520 solet
2031 1502 2055 1536 ‚
2113 1468 2186 1521 ut
2231 1452 2613 1520 labefactatis

756 1570 1124 1655 principiis,
1184 1570 1319 1654 ipsa
1370 1567 1650 1641 corruat.
1741 1571 1834 1638 At
1878 1590 2033 1636 vero
2081 1570 2136 1637 si
2178 1571 2474 1654 antiquos
2498 1619 2522 1653 ‚
2563 1569 2619 1635 si

752 1689 1073 1754 Platonem
1116 1687 1447 1766 audimus,
1489 1704 1622 1753 non
1673 1686 1937 1753 seientia
1986 1687 2090 1752 ina
2147 1687 2425 1753 habenda
2486 1703 2619 1769 est,

757 1804 871 1868 sed
931 1801 1208 1867 studium
1265 1800 1557 1867 scientiae
1586 1848 1610 1882 ,
1673 1819 1805 1868 non
1851 1801 2174 1884 doctrina,
2241 1804 2353 1870 sed
2394 1802 2625 1870 doctri-

753 1938 970 1986 narum
1029 1917 1308 1985 omnium
1367 1930 1431 1983 et
1484 1917 1883 1985 maximarum
1922 1917 2145 1986 artium
2203 1920 2618 2004 procreatrix:

752 2053 1120 2119 tantumque
1165 2034 1342 2102 abest
1366 2081 1390 2118 ,
1457 2050 1531 2103 ut
1575 2054 1731 2103 vana
1771 2036 1858 2103 sit
1905 2051 1968 2102 et
2015 2036 2248 2103 incerta
2271 2086 2295 2120 ‚
2340 2052 2413 2103 ut
2468 2038 2623 2105 fluc-

753 2156 1076 2224 tuantibus
1138 2169 1202 2221 et
1262 2154 1708 2222 corruentibus
1767 2174 1880 2238 per
1949 2156 2338 2221 saeculorum
2407 2156 2627 2222 decur-

750 2293 896 2340 sum
961 2271 1488 2356 philosophorum
1537 2269 1948 2352 opinionibus
2012 2285 2074 2337 et
2131 2271 2436 2340 doctrinis
2459 2320 2483 2353 ‚
2528 2273 2630 2355 ip-

757 2409 831 2458 sa
881 2404 1088 2456 tamen
1136 2369 1395 2471 'integra
1457 2402 1700 2454 maneat
1761 2403 1822 2453 et
1862 2387 2289 2458 immutabilis.
2379 2389 2632 2473 Operae

755 2508 1029 2592 pretium
1081 2522 1221 2589 est,
1284 2506 1666 2582 Platonicam
1728 2506 1959 2574 hancce
2013 2507 2456 2591 philosophiae
2509 2526 2634 2573 no-

754 2625 988 2693 tionem
1014 2671 1041 2705 ,
1104 2623 1173 2690 in
1216 2625 1337 2692 hoc
1383 2623 1540 2701 ipso·
1585 2621 2051 2706 disquisitionis
2110 2639 2360 2691 nostrae
2406 2622 2640 2690 introi-

756 2759 830 2812 tu
850 2792 877 2829 ‚
918 2742 1281 2827 diligentius
1323 2740 1654 2826 explicare.
1701 2739 1768 2784 <¹³
2417 2721 2422 2728 ’

2437 2856 2632 2946 Quae

833 3015 915 3081 (ι)
956 3010 1103 3061 Loca
1140 3008 1211 3059 de
1250 3005 1307 3057 11.
1342 3013 1662 3071 argumento,
1685 3005 1902 3059 classica
1936 3013 2062 3059 cunt
2096 3003 2293 3057 Pla-ed.
2315 3007 2385 3058 64
2413 3005 2481 3055 A.
2510 3023 2642 3074 sqq.

758 3103 829 3164 fle
867 3101 1004 3165 Rep.
1040 3095 1145 3150 vl.
1184 3093 1322 3146 vu.
1375 3094 1545 3162 Gorg.
1585 3096 1688 3147 482
1725 3098 1796 3146 A.
1833 3113 1955 3163 sqq.
2009 3094 2234 3158 Thenet-
2273 3113 2371 3163 ¹72
2406 3093 2471 3146 C.
2509 3111 2648 3163 sqq·

765 3192 946 3243 Amet.
984 3185 1082 3237 133
1117 3182 1182 3234 C.
1217 3200 1340 3250 sqq.
1379 3180 1607 3233 Phaedr.
1646 3184 1762 3268 276·
1786 3185 1854 3235 A.
1890 3202 2012 3254 sqq.
2050 3183 2226 3250 Epist.
2267 3182 2405 3234 V11.
2442 3184 2546 3234 340
2575 3182 2678 3234 B.-

757 3275 1085 3333 Doctrinnm
1126 3271 1364 3322 Platonis
1405 3273 1648 3323 universe
1690 3280 2054 3338 exposuerunt
2103 3275 2285 3324 Cicero
2312 3309 2327 3336 ‚
2371 3271 2545 3323 Acad.
2595 3274 2649 3324 1.

758 3372 916 3424 4-10.
971 3364 1139 3431 Diog.
1192 3363 1382 3411 Lacr-t.
1443 3359 1555 3411 111.
1614 3378 1663 3412 1.
1720 3363 1941 3430 67-109.
1999 3360 2266 3410 Alcinous
2313 3350 2380 3407 aie
2414 3347 2494 3403 eo*
2527 3351 2646 3406 uu*

756 3437 1030 3514 maimo·
1058 3437 1315 3513 ’ivn-vn
1354 3441 1641 3509 dem-›d-
1708 3450 1979 3520 Apaeju
2017 3446 2085 3500 «ιο
2131 3445 2447 3508 habitudine
2495 3445 2653 3501 doc..

756 3550 1022 3604 uinum
1062 3549 1118 3594 et
1153 3542 1321 3593 nativ.
1378 3537 1655 3591 Platonis:
1707 3541 1922 3609 partim
1975 3537 2066 3588 alii
2093 3574 2110 3602 ,
2170 3537 2423 3604 deinceps
2474 3538 2654 3590 nobis

758 3635 979 3693 citandi.
1026 3632 1112 3684 De
1145 3630 1561 3682 Recentionibus
1595 3625 1666 3678 V.
1688 3628 1866 3680 Buhle
1888 3623 2180 3682 Lehrbuch
2202 3624 2300 3676 der
2324 3621 2652 3678 Geschich-

759 3735 816 3781 te
884 3727 983 3777 der
1060 3719 1264 3773 Philon.
1345 3716 1477 3770 vol.
1537 3715 1615 3768 11.
1686 3716 1807 3766 init.
1878 3722 1936 3765 et
2002 3717 2348 3766 Tennemann
2417 3712 2653 3782 System

754 3817 861 3868 der
921 3813 1060 3865 Plot-
1114 3808 1261 3864 Phil.
1316 3808 1486 3862 Vorr.
1541 3825 1596 3875 p.
1647 3808 1731 3860 28.
1793 3804 2069 3871 Psineipeu
2127 3810 2252 3856 sunt
2286 3821 2408 3854 cum
2445 3801 2506 3854 hi
2541 3804 2650 3870 ip-

758 3905 809 3970 μί
843 3901 1055 3956 Pluton.
1096 3896 1190 3964 ph.
1246 3896 1620 3963 Interpreta,
1680 3903 1796 3947 tum
1841 3893 2118 3963 Wyttenb.
2168 3893 2370 3958 Opusc.
2414 3891 2459 3943 l.
2511 3892 2651 3962 592.

759 3992 857 4063 571
910 4006 1070 4057 sqq„
1128 3987 1185 4037 in
1244 3986 1434 4052 primis
1493 3983 1560 4036 ad
1607 3984 1962 4037 Phaedonem.
2037 3985 2278 4034 Creuzer.
2335 3998 2523 4048 praep.
2588 3989 2660 4032 et

766 4087 960 4137 coium.
997 4074 1063 4125 nd
1100 4074 1302 4125 Plotin.
1338 4075 1407 4125 de
1441 4075 1616 4142 puicr.
1693 4071 2107 4128 Schleiermach.
2167 4069 2377 4122 Introd.
2435 4068 2504 4119 ad
2555 4068 2657 4121 Pl.

1847 4167 1856 4176 '
2500 4172 2659 4211 ver-
