2792 5167
1047 471 1393 534 „71-

278 641 606 713 utramque
645 643 921 697 naturam
963 630 1170 699 inesse
1220 632 1471 702 debere.
1528 672 1619 689 —
1675 640 1992 706 Diximus.
2051 675 2143 694 —-

269 744 510 813 Nonne
546 762 894 831 congruere
936 749 1097 816 inter
1137 768 1209 816 ee
1246 765 1315 817 et
1346 752 1677 820 concinere
1711 758 2006 840 oportet?
2051 790 2141 809 -

272 861 569 948 Quidni?
607 899 701 916 -
740 864 1009 932 Animus
1052 868 1226 951 ejuS,
1268 866 1336 934 in
1378 886 1511 951 quo
1559 871 1708 937 haee
1751 890 2138 951 consonant,

271 995 625 1067 temperans
657 996 757 1050 cst
796 997 862 1051 et
900 984 1137 1052 fortis?
1178 1020 1272 1039 —
1311 983 1616 1054 Omnino.
1658 1025 1750 1045 —
1789 989 1950 1075 Ejus
1987 1008 2136 1056 vero

273 1096 568 1180 animus,
608 1099 673 1165 in
716 1119 847 1184 quo
885 1099 1260 1181 dissonant,
1302 1099 1562 1169 timidus
1605 1118 1668 1169 et
1705 1107 2015 1186 agrestis?
2055 1145 2144 1162 —

273 1213 367 1282 Et
424 1217 683 1284 maxime
732 1215 1009 1299 quidem.
1053 1253 1145 1270 —
1185 1218 1360 1301 Ergo
1422 1218 1787 1301 quicunque
1844 1222 2140 1289 musicam

272 1330 427 1400 sInit
464 1351 579 1416 per
619 1351 840 1417 aures,
900 1347 1198 1417 tanquam
1240 1331 1640 1401 infundibula
1664 1382 1690 1417 ,
1755 1337 1822 1403 in
1870 1338 2145 1406 animum

272 1467 458 1516 suum
536 1449 904 1533 infundere,
984 1470 1143 1533 quas
1220 1450 1412 1516 modo
1481 1451 1752 1518 diximus
1773 1499 1798 1534 ,
1871 1471 2144 1535 suaves,
2203 1433 2214 1443 ’

270 1567 493 1634 molles
547 1587 620 1635 ec
679 1568 920 1635 flebiles
983 1566 1372 1649 harmonias,
1435 1582 1623 1649 atque
1664 1582 1926 1634 aetatem
1964 1590 2142 1637 suam

271 1681 340 1749 in
417 1684 708 1751 cantibus
775 1685 1049 1752 animum
1127 1683 1571 1751 delinientibus
1649 1686 2009 1769 consumit,
2091 1687 2146 1752 is

270 1798 542 1883 primum
582 1800 831 1883 quidem
857 1846 883 1883 ,
935 1800 995 1866 si
1040 1800 1196 1883 quid
1235 1801 1594 1870 iracundum
1644 1801 1952 1885 habebat,
1995 1818 2152 1870 tam·
2201 1779 2208 1784 ’

272 1934 461 1997 quam
501 1914 775 1999 fetrum,
836 1918 1077 1985 emollit
1117 1930 1308 1998 atque
1369 1917 1523 1983 utile
1580 1935 1660 1984 ex
1710 1919 1921 1986 inutili
1962 1923 2152 1989 duro·

278 2052 407 2117 que
440 2034 626 2101 efficit
645 2080 670 2117 ,
734 2037 893 2104 idem
934 2056 1086 2103 vero
1107 2083 1131 2118 ,
1191 2035 1300 2101 ubi
1341 2053 1473 2102 non
1519 2013 1725 2104 cessat
1748 2084 1773 2118 ,
1841 2040 1952 2104 sed
1993 2042 2154 2106 mul-

275 2168 418 2217 cere
482 2169 555 2217 ac
619 2151 876 2219 delinire
944 2154 1145 2237 pergit
1169 2199 1195 2234 ,
1236 2152 1550 2218 ·animum
1621 2154 1866 2220 tandem
1942 2169 2147 2221 totum

273 2264 604 2351 liquefacit
662 2287 731 2335 ac
794 2270 1093 2352 resolvit,
1156 2271 1360 2337 donec
1415 2269 1541 2335 vim
1602 2288 1852 2336 omnem
1895 2286 1955 2335 et
1996 2272 2147 2336 iram

276 2384 604 2453 sustulerit
645 2399 709 2452 et
762 2387 955 2453 veluti
1001 2405 1232 2454 nervos
1293 2385 1628 2452 exsciderit
1687 2385 1918 2464 animi,
1980 2404 2153 2450 eum·

277 2521 444 2586 que,
501 2516 575 2571 ut
630 2504 799 2587 apud
851 2503 1198 2570 Homerum
1236 2518 1381 2584 est,
1420 2506 1732 2587 μαλθακὸν
1774 2504 2086 2588 αἰχμητήν
2117 2545 2143 2580 ‚

274 2619 513 2687 mollem
562 2634 975 2708 pugnatorem
1032 2618 1331 2686 effecerit.
1381 2617 1464 2687 (¹)
1530 2653 1624 2670 —
1681 2616 1786 2685 Sic
1846 2631 1943 2684 est
2014 2631 2150 2681 om·

270 2736 453 2804 nino,
495 2771 589 2789 —
625 2736 876 2821 Quodsi
931 2737 1078 2818 quis
1142 2750 1362 2803 contra
1390 2784 1415 2819 ‚
1479 2736 1726 2802 ,musica
1768 2750 1829 2801 et
1866 2734 2150 2817 philoso-

270 2851 426 2936 phia
470 2853 794 2937 neglecta,
836 2853 1253 2936 gymnasticae
1291 2872 1431 2921 sese
1470 2867 1675 2919 totum
1726 2851 1911 2918 tradit
1934 2897 1959 2931 ,
2023 2852 2149 2934 pri-

276 2987 449 3036 mum
536 2970 592 3035 is
672 2967 918 3036 firmum
999 2969 1292 3052 corporis
1367 2970 1643 3036 habitum
1718 2984 2140 3047 consecutuS,

275 3085 465 3152 animi
503 3084 747 3151 viribus
784 3104 856 3152 ac
906 3087 1330 3169 magnitudine
1371 3085 1730 3165 invalescit,
1792 3084 2146 3167 fortiorque

281 3219 466 3283 quam
513 3200 716 3269 fuerat
751 3202 997 3269 evadit:
1054 3203 1216 3268 idem
1265 3221 1463 3284 vero,
1519 3202 1630 3267 ubi
1671 3202 1759 3267 nil
1803 3202 1971 3268 aliud
2017 3201 2144 3284 agit

279 3331 470 3400 atque
530 3319 607 3388 ab
667 3317 839 3385 omni
897 3319 1080 3401 plane
1118 3319 1357 3385 alienus
1410 3317 1647 3385 musica
1697 3332 1838 3395 est,
1883 3334 2139 3394 nonne,

282 3433 341 3501 si
375 3436 549 3516 quod
578 3431 774 3501 fuerat
810 3434 877 3501 in
921 3437 1058 3520 ejus
1088 3435 1294 3502 animo
1322 3434 1601 3502 discendi
1622 3435 1935 3512 studium,
1980 3432 2043 3497 vi
2079 3433 2143 3497 id

281 3554 402 3618 sua
441 3551 810 3618 destituetur
862 3550 1092 3634 fietque
1132 3554 1386 3620 surdum
1431 3570 1502 3617 ac
1538 3569 1839 3629 coecum,
1903 3548 2139 3633 quippe

280 3685 428 3735 cum
503 3669 732 3735 nullam
791 3667 1080 3752 degustet
1139 3667 1528 3750 disciplinam
1598 3671 1710 3731 nec
1789 3665 1982 3730 ullius
2053 3665 2137 3729 sit

282 3785 745 3870 disquisitionis
804 3799 915 3852 aut
981 3785 1470 3852 ratiocinationis
1509 3784 1860 3869 particeps,
1917 3782 2136 3850 hebes-

1998 3915 2141 3965 cant

361 4051 442 4122 (ι)
480 4050 562 4104 11.
599 4048 793 4105 xvu.
826 4066 904 4103 va.
936 4049 1058 4104 588.
