2792 5167
1493 417 1824 480 *80—

738 617 863 664 eam
929 596 1252 680 adjuverit.
1368 592 1786 661 Existimasne
1842 607 2048 660 autem
2108 606 2227 675 tu,
2291 596 2592 676 quemad-

738 715 986 780 modum
1055 713 1284 795 vuigus
1340 711 1707 790 hominum,
1769 730 1981 776 verum
2023 729 2216 791 esse,
2279 714 2462 793 quod
2497 714 2586 779 di·

734 848 922 908 cunt,
964 829 1383 895 adolescentes
1429 830 1725 910 quosdam
1766 846 1800 892 a
1844 827 2159 909 sophistis
2217 828 2582 912 corrumpi,

729 963 1133 1030 corruptores
1192 963 1341 1011 vero
1406 963 1615 1010 eorum
1679 945 1991 1027 sophistas
2065 948 2384 1027 quosdam
2453 965 2580 1012 esse

734 1064 1049 1148 privatos,
1109 1082 1179 1128 ac
1234 1078 1361 1127 non
1427 1080 1536 1126 eos
1582 1061 1839 1144 potius,
1899 1060 2008 1142 qui
2057 1061 2141 1127 ita
2184 1063 2579 1145 loquuntur,

734 1180 1035 1246 maximos
1076 1197 1213 1244 esse
1258 1179 1613 1260 sophistas,
1658 1177 2106 1258 maximamque
2156 1198 2299 1244 esse
2361 1197 2583 1246 eorun-

729 1299 865 1364 dem
930 1295 1342 1363 institutionis
1380 1296 1508 1361 vim
1534 1340 1559 1374 ,
1627 1294 1861 1377 quippe
1902 1295 2009 1375 qui
2059 1297 2328 1380 iuvenes
2373 1316 2449 1363 ac
2490 1315 2578 1362 se-

728 1413 981 1494 niores,
1024 1412 1324 1478 foeminas
1381 1432 1453 1478 ac
1496 1412 1671 1478 viros
1726 1414 1875 1476 tales
1928 1409 2309 1492 informant,
2361 1417 2574 1498 qualos

726 1550 867 1598 esse
922 1548 1033 1596 eos
1092 1526 1336 1596 veiint?
1387 1564 1479 1581 -
1532 1529 1802 1614 Quando
1857 1528 1922 1595 id
1981 1528 2447 1611 potissimum?
2492 1567 2575 1583 —

723 1646 989 1733 Quando
1055 1645 1410 1726 frequentes
1479 1646 1659 1711 multi
1716 1646 1816 1711 vel
1875 1644 1940 1709 in
1995 1645 2414 1712 concionibus
2476 1645 2573 1712 vei

712 1762 964 1850 judiciis
1022 1763 1127 1828 vel
1199 1761 1455 1827 theatris
1518 1765 1625 1828 vel
1684 1762 1901 1829 castris
1962 1762 2062 1827 vel
2117 1762 2238 1828 alio
2289 1762 2567 1843 quodam

722 1879 1039 1945 hominum
1099 1891 1287 1943 coetu
1347 1879 1791 1960 considentes,
1851 1895 2114 1958 eorum,
2186 1895 2334 1961 quse
2387 1878 2562 1945 dicta

718 1993 955 2062 factave
1001 2011 1192 2076 sunt,
1234 1995 1352 2059 aiis
1408 1994 1808 2078 vituperant,
1866 1993 1982 2061 siis
2035 1998 2318 2078 laudant,
2375 2012 2445 2062 et
2482 1997 2564 2062 ad

716 2129 978 2195 utraque
1043 2112 1277 2196 ingenti
1340 2130 1485 2176 cum
1554 2114 1826 2177 tumultu
1893 2112 2096 2178 acrius
2171 2111 2557 2191 efferuntur,

716 2233 1117 2312 explodentes
1185 2229 1754 2312 applaudentesque
1833 2247 2080 2293 summo
2165 2230 2434 2311 strepitu
2503 2241 2561 2294 et

713 2351 1023 2428 clamore,
1092 2365 1163 2412 ut
1229 2363 1368 2412 saxa
1431 2347 1823 2411 circumcirca
1891 2360 1956 2410 et
2015 2347 2150 2410 loca
2209 2345 2278 2410 in
2331 2346 2556 2428 quibus

711 2467 983 2544 adsunt,
1054 2463 1401 2531 resonantia
1473 2463 1667 2546 duplo
1729 2462 2018 2546 majorem
2092 2464 2275 2527 edant
2333 2462 2557 2530 tumul-

711 2596 891 2661 tum,
938 2599 1119 2662 quam
1176 2582 1285 2661 qui
1344 2580 1592 2645 laudant
1634 2597 1703 2643 sc
1748 2579 2124 2660 vituperant.
2211 2581 2340 2646 mc
2387 2583 2558 2665 juve·

708 2717 848 2763 nem
906 2717 1037 2779 quo
1100 2717 1239 2763 esse
1298 2697 1504 2762 animo
1560 2696 1925 2762 existimes?
1985 2699 2084 2761 vel
2126 2699 2372 2777 qualem
2414 2695 2554 2762 huic

706 2814 992 2897 publicae
1044 2815 1405 2894 disciplinae
1467 2814 1768 2895 privatam
1818 2813 2201 2895 disciplinam
2249 2813 2552 2880 obsistere

702 2947 930 3012 posse,
992 2929 1143 3009 quin
1200 2931 1304 2994 tali
1349 2929 1808 3011 vituperatione
1848 2943 1922 2993 ac
1962 2929 2312 2995 laudatione
2365 2931 2551 2996 obm-

701 3062 806 3122 ta,
850 3045 996 3108 illuc
1037 3045 1278 3107 labatur
1324 3063 1455 3125 quo
1505 3045 1736 3111 fluctus
1776 3041 1952 3112 fert?
2023 3060 2095 3138 ut
2153 3049 2404 3129 eadem,
2459 3062 2548 3113 at-

699 3179 822 3242 que
859 3159 950 3226 illi
974 3207 996 3240 ,
1042 3163 1253 3243 pulcra
1296 3177 1358 3226 et
1405 3162 1607 3243 turpia
1647 3179 1940 3241 censeat,
1981 3160 2370 3244 iisdemque,
2409 3161 2548 3246 qui-

698 3278 818 3343 bus
879 3277 1019 3359 ini,
1079 3277 1324 3342 studeat
1364 3291 1431 3342 et
1472 3279 1610 3342 talis
1655 3280 1908 3344 omnino
1953 3277 2106 3344 fiat?
2147 3317 2236 3332 —
2273 3281 2548 3346 Necesse

694 3395 763 3461 id
803 3397 1057 3461 omnino
1111 3411 1247 3473 est,
1315 3413 1356 3458 o
1401 3395 1715 3461 Socrates.
1755 3431 1848 3447 —
1889 3396 2191 3462 Nondum
2234 3415 2389 3462 vero
2423 3415 2549 3461 ms·

692 3513 917 3577 ximam
990 3511 1256 3578 diximus
1328 3511 1780 3578 necessitatem.
1841 3547 1927 3564 -
1981 3511 2387 3596 Quamnam?
2452 3545 2544 3564 -

694 3627 895 3710 Quam
942 3626 1109 3693 facto
1156 3629 1550 3712 adjungunt,
1595 3646 1738 3695 cum
1783 3629 1988 3693 verbis
2030 3630 2401 3714 persuadere
2451 3629 2544 3695 in·

690 3743 1015 3809 stitutores
1058 3744 1162 3809 isti
1203 3761 1533 3825 nequeant.
1619 3746 1726 3810 An
1769 3763 1917 3810 vero
1957 3747 2200 3825 nescis,
2249 3746 2443 3829 istos,
2485 3746 2541 3811 si

691 3860 852 3942 quis'
880 3861 1033 3942 ipsis
1076 3879 1202 3924 non
1253 3843 1685 3943 obtemperat,
1734 3861 1980 3927 infamis
2028 3881 2167 3927 eum
2221 3877 2282 3927 et
2305 3865 2540 3928 ‚mulcta

686 3989 751 4037 et
811 3979 1010 4040 morte
1062 3975 1378 4056 plectere?
1425 4009 1514 4027 -—
1555 3975 1982 4059 summopere.
2027 4013 2115 4030 -—
2155 3978 2357 4061 Quem
2417 3974 2536 4059 igi·

2433 4107 2534 4157 tur
