2792 5167
787 945 1050 1011 Fontem
1090 946 1510 1033 indagavimus
1541 997 1562 1029 ,
1607 949 1766 1016 duce
1803 952 2103 1032 Platone,
2147 970 2213 1019 et
2261 954 2329 1020 ni
2394 954 2587 1022 fallor

695 1062 1081 1145 reperimus,
1124 1062 1499 1145 cognitionis
1538 1081 1808 1129 nostrae.
1902 1067 2291 1150 Quaerentes
2354 1069 2526 1135 enim
2553 1116 2581 1149 ‚

698 1176 862 1264 quid
892 1181 976 1246 sit
1012 1177 1283 1260 discere,
1340 1179 1593 1244 insitum
1646 1195 1900 1247 naturae
1954 1181 2255 1248 humanae
2298 1184 2586 1250 attendi·

698 1313 838 1360 mus
892 1295 1316 1379 cognoscendi
1378 1298 1654 1364 studium
1723 1296 1985 1379 verique
2040 1317 2350 1382 amorem,
2436 1320 2577 1383 quo

693 1413 924 1493 homo,
991 1414 1286 1480 sensibus
1335 1415 1737 1497 admonitus,
1802 1413 1864 1480 in
1916 1415 2378 1499 primis‘visu‚
2436 1417 2582 1500 ipse

696 1547 812 1611 per
866 1548 937 1595 se
986 1530 1064 1595 ad
1122 1530 1322 1613 pulcri
1380 1530 1700 1614 primum,
1757 1544 1891 1594 tum
1956 1528 2248 1597 universe
2303 1530 2382 1596 ad
2441 1521 2583 1597 veti

692 1647 1112 1731 cognitionem
1163 1647 1492 1729 procedit,
1564 1646 1895 1730 patuitque
1956 1647 2191 1726 nobis,
2259 1665 2425 1728 quae
2492 1647 2582 1711 sit

703 1777 770 1829 et
831 1776 1061 1845 quanta
1115 1763 1191 1827 ad
1256 1764 1426 1828 hunc
1473 1762 1967 1829 inflammandum
2040 1780 2310 1829 amorem
2370 1760 2587 1849 pulcri

696 1882 798 1949 vis
840 1896 904 1948 et
947 1881 1293 1949 efficacitas.
1383 1881 1537 1945 Non
1599 1880 1995 1946 attenderunt
2040 1881 2188 1946 haec
2234 1880 2471 1947 veteris
2516 1893 2585 1947 et

696 1999 1057 2065 recentioris
1082 2045 1106 2078 ‚
1173 1997 1520 2080 superioris
1563 1997 1846 2081 inprimis
1886 1997 2115 2063 saeculi
2151 1997 2577 2079 philosophi,

697 2115 805 2198 qui
855 2133 1075 2180 sensus
1118 2113 1404 2197 corporis
1447 2112 1917 2196 diligentissime
1954 2114 2399 2197 explorantes,
2446 2126 2574 2194 ut,

699 2250 858 2312 quae
900 2245 960 2297 et
1019 2250 1142 2311 qua
1201 2230 1438 2295 ratione
1497 2227 1740 2312 singula
1797 2228 2182 2295 extrinsecus
2224 2229 2437 2297 animo
2477 2227 2580 2314 af-

695 2347 929 2416 ferrent
954 2396 978 2429 ,
1023 2360 1336 2413 constaret
1379 2345 1710 2429 aliquando
1736 2393 1760 2426 ‚
1805 2346 1885 2411 de
1929 2344 2074 2429 ipso
2120 2344 2327 2411 animo
2352 2393 2380 2429 ‚
2440 2363 2581 2412 cer-

699 2479 766 2532 te
805 2467 884 2533 de
938 2464 1142 2530 insitis
1205 2465 1261 2531 ei
1324 2463 1567 2529 studiis‘
1614 2480 1676 2528 et
1724 2462 2125 2529 facultatibus
2172 2462 2281 2528 vix
2335 2463 2582 2546 cogita-

696 2598 870 2650 runt.
955 2582 1265 2669 Apprime
1303 2582 1368 2648 in
1415 2583 1536 2647 hos
1575 2577 1921 2663 convenit,
1966 2583 2142 2663 quod
2198 2581 2282 2646 ait
2336 2581 2565 2648 Plato:

697 2705 879 2774 δεινὸν
932 2706 1054 2787 γάρ
1107 2729 1264 2782 που,
1330 2706 1382 2770 εἶ
1435 2703 1663 2770 πολλαί
1712 2727 1867 2775 τινες
1922 2703 1983 2769 ἐν
2044 2705 2232 2782 ἡμῖν,
2274 2701 2475 2787 ὥσπερ
2515 2704 2578 2770 ἕν

704 2825 968 2905 δουρείοις
1007 2821 1246 2898 ἵπποις,
1309 2822 1609 2895 alodium
1673 2819 2085 2897 ἕγκοέθηνται,
2138 2822 2313 2888 ἀλλὰ
2357 2824 2447 2901 μὴ
2488 2823 2571 2895 εἷς

699 2942 848 3020 μίαν
889 2943 1021 3007 τινὰ
1062 2939 1221 3004 ἰδέαν
1244 2984 1262 3009 ,
1309 2936 1431 3001 εἴτε
1468 2919 1677 3017 ψυχῆν
1713 2937 1836 3002 εἴτε
1869 2931 1897 3001 ὃ
1933 2937 2028 3003 δεῖ
2054 2945 2262 3002 καλεῖν
2285 2978 2307 3012 ,
2355 2937 2570 3004 πάντα

701 3061 906 3121 ταῦτα
948 3053 1269 3131 &vv-telvm,
1329 3051 1363 3133 ᾖ
1428 3054 1555 3120 3102
1609 3054 1926 3121 τούτων
1983 3049 2140 3119 οἷον
2200 3052 2566 3133 ὀργάνων

697 3171 1273 3251 αἰσθανόμεθα
1332 3167 1488 3237 ὅσοι
1547 3170 1947 3244 αἰσθητά.
2045 3165 2356 3231 Miserum
2419 3185 2572 3232 sane

692 3301 842 3354 esset
869 3334 892 3368 ‚
938 3289 992 3352 si
1027 3287 1213 3351 multi
1257 3286 1424 3351 nobis
1467 3307 1672 3352 sensus
1690 3332 1714 3365 ‚
1783 3279 2282 3372 quemadmodum
2345 3282 2570 3369 lt'gncis

697 3407 870 3492 equis
895 3451 918 3486 ,
963 3401 1301 3468 insiderent
1322 3448 1346 3481 ‚
1410 3422 1529 3466 non
1586 3420 1731 3468 vcro
1790 3402 1938 3464 haec
1996 3399 2203 3463 omnia
2260 3400 2331 3461 in
2373 3415 2571 3462 unum

2377 3511 2575 3602 quod·

700 3710 885 3779 θημα,
928 3712 1164 3782 μάθησις
1187 3755 1203 3778 ‚
1245 3709 1500 3781 μαθητὴς
1523 3751 1540 3776 ‚
1580 3707 1800 3776 proprie
1832 3711 1988 3757 notat
2031 3707 2231 3776 cupio,
2270 3706 2565 3763 desidero,

696 3825 853 3870 amo,
907 3809 1016 3861 imo
1071 3826 1206 3863 vero
1261 3810 1438 3877 ipsum
1472 3816 1552 3859 eal.
1587 3807 1750 3859 hocce
1788 3804 2112 3857 Latinorum
2167 3822 2205 3855 a
2229 3823 2282 3856 m
2305 3823 2338 3855 ο
2364 3838 2380 3868 ,
2419 3797 2563 3871 quod

690 3908 1031 3973 transpositis
1063 3909 1240 3960 literis
1274 3910 1399 3961 inde
1434 3908 1727 3960 formatum
1763 3913 1865 3958 est.
1935 3904 2063 3958 Non
2122 3903 2394 3955 latuerunt
2435 3899 2569 3950 haee

691 3997 910 4075 quidem
964 4005 1315 4074 Etymotogos
1334 4045 1349 4072 ,
1410 4008 1504 4064 sed
1550 4008 1796 4076 inprimis
1852 4003 2155 4062 adhihenda
2185 3996 2565 4072 phil⁰⁸⁰Pffi⁸⁶

692 4104 964 4167 videntur.
