2792 5167
997 564 1388 629 ..m-

262 738 456 800 aum,
501 720 789 790 dicimus.
845 754 927 773 —-
1022 727 1246 795 Procul
1301 730 1524 798 dubio.
1565 770 1652 785 —
1723 731 1859 813 Jam
1906 730 2135 817 igitur,

266 839 407 906 sive
442 859 628 923 parva
668 841 858 920 haec,
902 842 1039 909 sive
1078 864 1293 932 magna
1332 848 1477 929 quis
1518 847 1735 913 dixerit
1776 846 1916 915 Diis
1958 868 2125 931 esse,

263 959 447 1025 nullo
520 961 755 1039 modo,
838 978 981 1026 cum
1055 961 1588 1045 providentissimi
1653 978 1842 1047 atque
1910 966 2134 1049 optimi

262 1072 436 1157 sint,
515 1076 875 1160 negligenda
949 1076 1075 1144 illis
1141 1080 1425 1163 ipsorum
1493 1080 1816 1163 possessio
1875 1096 1997 1147 est.
2041 1117 2134 1135 —

269 1190 473 1257 Nullo
523 1197 738 1261 modo.
780 1230 870 1247 —
910 1194 1082 1280 Quid
1112 1188 1315 1264 vero?
1357 1195 1416 1262 si
1452 1196 1726 1263 medicus
1765 1197 1831 1263 in
1866 1215 2133 1280 corpore

262 1307 541 1373 curando
580 1310 816 1391 magnis
850 1311 1235 1395 providerit,
1278 1333 1464 1397 parva
1488 1315 1923 1395 contemserit,
1970 1317 2128 1383 bene

264 1441 337 1491 se
371 1442 604 1508 corpus
644 1426 949 1495 habebit?
988 1467 1077 1483 -
1136 1430 1288 1497 Non
1324 1448 1498 1497 sane.
1541 1467 1630 1483 -
1691 1430 1816 1499 Sed
1858 1449 1972 1499 nec
2009 1450 2127 1515 gu-

263 1540 619 1609 bernatores
643 1590 668 1624 ,
734 1562 849 1610 nec
923 1548 1323 1628 imperatores
1346 1593 1370 1628 ,
1434 1565 1548 1614 nec
1608 1545 2120 1631 patresfamilias,

260 1673 377 1724 nec
432 1657 755 1725 civitatum
816 1662 1235 1731 moderatores
1258 1707 1283 1744 ,
1323 1681 1531 1747 neque
1582 1663 1694 1730 ulli
1734 1664 1990 1732 omnino
2033 1678 2124 1731 ta·

252 1774 393 1853 les,
440 1773 652 1856 paucis
709 1794 778 1842 ac
830 1777 1034 1859 parvis
1086 1777 1429 1862 neglectis,
1474 1792 1642 1845 recte
1685 1783 1876 1847 multa
1920 1796 1983 1846 ct
2015 1780 2115 1846 in-

256 1890 463 1975 gentia
507 1907 751 1977 regent:
819 1898 947 1965 οὐδὲ
987 1899 1109 1980 γὰρ
1150 1897 1295 1967 ἄνευ
1332 1904 1585 1981 σμικρῶν
1624 1901 1760 1973 τους
1800 1898 2113 1979 μεγάλους

250 2012 443 2092 Φασὶν
503 2014 554 2079 οἳ
617 2012 908 2109 λιθολόγοι
968 2013 1159 2088 λίθους
1219 2013 1284 2083 εὖ
1343 2016 1597 2082 κεῖσθαι·
1685 2032 1829 2076 nam
1878 2010 2113 2097 Iapides

245 2144 487 2210 qnoque
544 2145 797 2211 magnos
853 2128 983 2192 sino
1035 2129 1254 2210 parvis
1304 2125 1450 2193 bene
1500 2090 1684 2194 sem
1719 2141 1951 2212 negant
1999 2147 2112 2192 ar·

239 2241 517 2313 almon.
574 2279 667 2294 —
749 2243 838 2311 Et
895 2256 1061 2308 recte
1119 2243 1365 2325 quidem
1425 2243 1537 2313 illi.
1580 2278 1672 2296 -
1752 2247 1861 2323 Mn
1921 2246 2109 2314 τοίνυν

240 2360 424 2440 τόνγε
479 2362 602 2430 θεὸν
640 2361 984 2463 οἷξιῶσῳμὲν
1025 2387 1171 2431 ποτε
1215 2364 1428 2439 θνητῶν
1471 2364 1831 2444 δημιουργῶν
1869 2361 2105 2444 Φαυλό·

236 2500 429 2553 τερον.
534 2476 877 2543 Caveamus
921 2491 1130 2543 autem
1152 2523 1175 2555 ,
1221 2497 1297 2539 nc
1336 2476 1541 2541 Deum
1573 2473 1941 2541 mortalibus
1974 2477 2104 2557 opi·

226 2589 453 2675 ficibus
493 2593 771 2658 viliorem
805 2608 1116 2680 putemus.
1224 2592 1322 2658 Illi
1378 2592 1616 2657 scilicet
1637 2643 1656 2668 ‚
1707 2605 1943 2673 quanto
1996 2608 2107 2673 pe·
2221 2650 2244 2673 ,

234 2706 487 2773 ritiorcs
528 2707 675 2772 artis
718 2723 912 2788 sunt,
957 2722 1131 2773 tanto
1181 2708 1245 2773 in
1291 2709 1566 2792 propriis
1619 2711 1896 2790 ipsorum
1949 2725 2100 2788 ope-

234 2821 417 2889 ribus
463 2838 522 2887 et
582 2841 766 2904 parva
815 2822 999 2887 simul
1052 2836 1111 2885 et
1164 2840 1381 2904 magna
1431 2820 1806 2903 exquisitius
1845 2820 2100 2885 absolu·

236 2938 491 3022 tiusque
544 2938 922 3024 perficiunt:
970 2940 1144 3005 Deus
1197 2957 1396 3020 vern,
1450 2938 1558 3019 qui
1598 2934 2097 3019 sapientissimus

231 3073 374 3138 est,
419 3071 479 3123 et
517 3074 731 3124 curare
777 3057 913 3122 vult
953 3073 1022 3120 ac
1065 3072 1313 3140 potest,
1377 3053 1619 3136 magnis
1665 3051 1912 3134 quidem
1952 3069 2097 3134 pro·

231 3174 469 3241 videbit
521 3175 774 3253 solum,
818 3191 1004 3255 parva
1060 3188 1309 3251 autem,
1356 3190 1515 3253 quae
1573 3168 1815 3235 facilius
1874 3167 2099 3249 guber·

234 3289 368 3356 nari
417 3302 727 3381 possunt,
772 3302 1030 3371 propter
1090 3288 1394 3372 ignaviam
1450 3305 1520 3351 ac
1581 3284 1928 3351 socordiam
1987 3302 2098 3350 ne-

233 3404 480 3492 gliget?
521 3438 613 3456 -
681 3404 885 3470 Nullo
942 3405 1131 3469 modo
1187 3406 1383 3481 hanc,
1448 3403 1751 3484 Hospes,
1812 3402 1889 3466 dc
1951 3402 2092 3467 Diis

232 3522 591 3605 opinionem
644 3518 1078 3586 admittendam
1123 3535 1463 3603 putamust
1511 3517 1740 3583 nefaria
1783 3532 1880 3584 est
1926 3514 2086 3583 enim

230 3638 334 3703 illa
375 3655 445 3703 ac
485 3655 749 3720 prorsus
788 3634 939 3701 falsa
980 3638 1308 3702 sententia.
1348 3634 1431 3703 (¹)

315 3751 577 3821 Lubens
619 3770 769 3816 sane
808 3751 1133 3833 equidem,
1189 3772 1303 3818 nec
1349 3750 1747 3818 solummodo
1786 3750 1864 3815 ad
1901 3749 2089 3816 inter·

228 3871 581 3953 pretandam
644 3866 935 3945 Platonis,
981 3869 1058 3933 de
1112 3868 1289 3948 Dee,
1333 3840 1650 3955 ⁸universi
1710 3880 1962 3932 auctore
2013 3883 2084 3930 ac

1954 3998 2088 4046 mo-

298 4121 387 4188 (ι)
420 4123 506 4173 De
522 4122 694 4190 Legg.
731 4116 802 4172 X.
828 4138 929 4189 90⁰
951 4120 1015 4173 C.
1042 4144 1102 4162 -
1124 4119 1227 4189 9⁰3
1251 4122 1320 4175 A.
