2792 5167
1055 469 1442 540 ...ης-ι.

294 632 515 702 sertim
570 639 710 703 vert
761 652 1034 704 amorem
1061 680 1087 715 ,
1174 635 1564 717 omninoque
1618 637 1792 722 quod
1851 640 2122 709 vocabat
2141 659 2173 724 ὸ

292 749 483 831 quasi
541 754 614 817 in
666 755 889 820 animis
951 752 1268 818 hominum
1341 750 1633 819 scribens.
1758 750 1836 821 Id
1890 755 2198 826 similiter‘

289 866 577 938 instituit
615 869 972 952 Xenophon
993 915 1020 950 ‚
1088 885 1286 950 quum
1338 867 1686 936 scribendis
1743 870 2170 942 Memorabili-

290 981 420 1049 bus
477 983 757 1051 Socratis
817 999 1125 1051 enarraret
1191 1005 1335 1052 cum
1381 985 1574 1051 variis
1623 984 1993 1053 hominibus
2039 988 2171 1052 col-

283 1099 546 1183 loquia:
626 1115 693 1170 et
727 1102 869 1169 hinc
932 1102 1217 1186 inprimis
1271 1102 1446 1169 aurei
1497 1101 1692 1169 libelli
1744 1102 2126 1188 praestantia
2147 1121 2172 1171 ε

274 1233 422 1283 nam
480 1218 578 1284 sic
629 1219 881 1310 demum
945 1236 1067 1285 nos
1121 1218 1188 1284 in
1230 1219 1493 1286 mediam
1549 1218 1830 1285 Socratis
1883 1219 2177 1304 pbiloso-

271 1333 501 1417 phiam
545 1335 765 1419 potuit
793 1335 1113 1401 inducere.
1200 1334 1272 1401 Si
1313 1350 1718 1401 memorasset
1745 1335 2030 1402 doctoris
2069 1337 2172 1403 aui

276 1448 530 1533 placita
587 1451 955 1535 praecipua,
1014 1450 1183 1517 haud
1241 1450 1403 1516 male
1469 1448 1696 1517 fuisset
1754 1451 1835 1517 de
1889 1451 2175 1536 philoso-

281 1567 487 1653 phiae
552 1567 822 1634 historia
876 1567 1179 1634 meritust
1225 1566 1594 1633 haberemus
1649 1581 1817 1633 certe
1875 1566 2174 1651 qquSo-

279 1683 488 1770 cratis
542 1684 725 1752 effata
782 1703 924 1751 cum
979 1698 1365 1751 caeterorum
1423 1682 1689 1750 decretis
1745 1682 2174 1770 philosopho-

283 1823 435 1872 rum
484 1820 1033 1886 compararemus;
1079 1802 1192 1868 sed
1247 1819 1522 1882 novam,
1565 1819 1749 1885 quam
1782 1800 1842 1868 ia
1879 1800 2169 1885 induxit,

278 1915 793 2007 philosophandi
864 1918 1291 2005 arguendique
1378 1915 1681 1984 rationem
1709 1965 1735 2000 ‚
1827 1920 1958 2003 qua
2039 1924 2170 1989 una

275 2035 553 2105 maxime
578 2082 604 2117 ‚
683 2052 813 2101 non
871 2034 1118 2118 placitis
1198 2049 1307 2101 aut
1363 2030 1640 2102 formula
1696 2034 2056 2118 doctrinae,
2121 2055 2166 2103 e

274 2155 466 2222 coelo
524 2152 855 2220 devocavit
896 2151 1365 2237 philosophiam
1385 2200 1413 2235 ‚
1454 2166 1519 2218 et
1569 2151 1638 2218 in
1674 2153 1867 2220 urbes
1904 2153 2169 2221 domos-

274 2290 407 2355 que
458 2270 715 2337 induxit
735 2314 761 2350 ,
804 2282 867 2333 et
922 2266 1131 2348 coegit
1180 2268 1259 2332 de
1309 2266 1450 2332 vita
1486 2280 1550 2330 et
1601 2267 1890 2332 moribus
1932 2267 2119 2350 loqui
2138 2316 2164 2353 ,

273 2387 447 2455 hanc
492 2402 626 2451 non
667 2383 864 2467 magis
908 2401 985 2449 ex
1024 2382 1136 2447 tali
1167 2379 1549 2464 compendio
1588 2399 2117 2467 cognosceremus
2138 2432 2166 2466 ,

282 2521 485 2587 quam
541 2518 711 2567 nunc
765 2479 1214 2584 cognoscimus
1278 2516 1357 2563 ex
1413 2497 1714 2566 historiae
1774 2500 2174 2589 philosophi·

285 2639 405 2688 cae
488 2615 933 2699 scriptoribus.
1036 2612 1403 2696 Xenophon
1463 2633 1618 2680 vero
1681 2633 1797 2698 per
1852 2633 2170 2687 sermones

290 2737 457 2804 illos
520 2733 731 2817 ipsum
791 2730 981 2797 nobis
1043 2729 1362 2796 Socratem
1429 2730 1609 2812 quasi
1674 2731 1988 2802 viventem
2044 2736 2176 2821 api-

291 2865 675 2934 rantemq‘ue
713 2846 1053 2933 proposuit
1111 2860 1172 2912 et
1208 2865 1435 2913 novam
1464 2847 1630 2915 illam
1673 2848 1976 2918 rationem
2033 2871 2166 2921 non

287 2983 713 3058 exponentem
784 2965 1104 3032 subtiliter
1128 3013 1153 3045 ‚
1220 2966 1329 3033 sed
1393 2968 1745 3049 quaerendo
1766 3017 1793 3052 ‚
1843 2986 1923 3048 ,ut
1999 2973 2174 3042 sole·

289 3091 408 3157 bat
432 3136 457 3170 ‚
500 3085 820 3172 arguendo
848 3130 873 3165 ‚
938 3083 1251 3151 monendo
1275 3129 1300 3166 ‚
1369 3084 1686 3152 hortando
1716 3104 2169 3173 ,usurpantem-

294 3197 409 3278 sic
455 3207 605 3273 item
668 3205 898 3284 Plat03
966 3201 1081 3268 sed
1144 3201 1249 3266 hic
1309 3222 1456 3268 cum
1525 3195 1804 3270 Socratis
1857 3206 2194 3286 colloquia-

303 3342 439 3389 non
475 3324 745 3389 traderet
808 3335 1059 3389 tantum
1111 3318 1446 3384 scribendo
1473 3365 1497 3398 ‚
1542 3319 1653 3386 sed
1675 3364 1701 3398 ‚
1746 3333 1821 3384 ut
1860 3318 2190 3388 dramatici

310 3438 596 3507 solebant
654 3444 924 3520 poetae,
984 3435 1371 3503 dramatibus
1432 3435 1849 3519 exprimeret,
1935 3434 2183 3519 plenius

314 3555 505 3625 nobis
544 3570 607 3622 et
666 3554 980 3621 Socratem
1026 3566 1090 3620 et
1150 3552 1500 3620 Socraticae
1564 3543 2008 3637 philosophiae
2051 3551 2184 3624 vim

310 3689 385 3745 et
421 3671 763 3740 ubertatem
806 3671 1332 3755 repraesentavit:
1378 3671 1671 3752 idemque
1712 3687 1855 3735 cum
1902 3668 2022 3736 sub
2065 3671 2192 3739 So·

306 3791 506 3862 cratis
556 3807 822 3872 persona
891 3808 1066 3856 auam
1129 3788 1269 3872 ipse
1321 3785 1793 3870 philosophiam
1855 3783 2010 3856 'cum
2059 3791 2191 3858 lec.

314 3909 573 3979 toribus
646 3904 1107 3975 communicare
1190 3903 1476 3971 studeret
1500 3949 1527 3984 ‚
1608 3900 1748 3986 ipse
1821 3905 2192 3987 loqueretur
2239 3935 2245 3942 ·

311 4029 473 4097 adeo
539 4042 686 4092 cum
744 4023 952 4091 omnia
1006 4020 1253 4107 generis
1326 4017 1735 4104 hominibus,
1812 4038 2009 4102 quum
2075 4015 2198 4081 So-

1269 4136 1328 4204 K
2064 4149 2197 4201 cra-
