2792 5167
1481 418 1832 479 ·....32.....

594 579 613 600 ¹
720 615 790 663 se
832 595 1155 663 oculorum
1179 643 1203 676 ,
1248 594 1525 666 fallacem
1580 598 1822 663 aurium
1886 611 2394 678 caeterorumque
2443 600 2577 658 sen*

646 746 661 763 ·
716 734 902 781 suum
964 713 1472 798 perceptionem:
1521 711 1789 781 suadens
1814 762 1839 796 ‚
1889 729 1960 780 ut
2003 714 2279 781 discedat
2334 709 2413 778 ab
2455 710 2577 777 his-

713 852 832 914 ce,
875 847 1186 917 quatenus
1247 832 1326 898 iis
1384 833 1479 899 uti
1539 851 1671 900 non
1721 817 1943 900 debea't
1992 829 2347 899 necessario
2368 876 2395 912 ‚
2437 828 2580 895 hor·

715 961 1035 1044 tansque,
1080 965 1155 1017 ut
1196 970 1265 1017 se
1317 965 1572 1017 revocet
1619 968 1685 1050 ¹¹¹.
1741 970 1813 1018 se
1849 951 2055 1034 ipsum
2111 965 2174 1016 et
2213 945 2533 1030 recolligat
2555 989 2581 1027 ‚

712 1086 917 1150 neque
977 1067 1089 1135 ulli
1136 1066 1324 1136 fidem
1378 1068 1605 1135 habeat
1653 1083 2088 1153 praeterquam
2152 1063 2583 1149 sibimetipsi,

715 1185 773 1251 si
814 1185 971 1268 quid
1009 1186 1218 1270 ipsum
1263 1205 1376 1269 per
1419 1174 1488 1253 se
1525 1187 1664 1270 ipse
1702 1206 1813 1270 per
1853 1205 1922 1251 se
1965 1184 2350 1269 perceperit:
2398 1201 2590 1265 quae-

717 1320 974 1386 cunque
1010 1323 1162 1371 vero
1202 1324 1316 1388 per
1356 1304 1473 1371 alia
1533 1298 2021 1370 consideraverit
2041 1350 2066 1384 ‚
2131 1320 2292 1386 quae
2341 1299 2408 1365 in
2449 1298 2592 1367 aliis

716 1420 835 1488 alia
874 1435 1071 1504 sunt,
1117 1424 1343 1489 horum
1399 1422 1562 1488 nihil
1618 1422 1934 1489 existimet
1984 1439 2242 1486 verum:
2289 1420 2443 1486 haec
2480 1438 2598 1484 au-

710 1553 837 1605 tem
897 1560 1082 1623 esse,
1129 1561 1293 1624 quae
1348 1540 1553 1607 oculis
1622 1540 2048 1623 sensibusque
2103 1551 2365 1623 patent,
2420 1538 2601 1618 quod

717 1675 925 1723 autem
968 1658 1104 1740 ipsa
1149 1657 1399 1740 cernit,
1445 1659 1584 1726 sold
1644 1673 1852 1724 mente
1906 1656 2173 1740 percipi.
2223 1656 2288 1702 (¹³
2371 1654 2598 1737 Itaque

714 1772 992 1838 abstinet
1047 1767 1425 1858 philosophi
1469 1775 1713 1840 animus
1759 1773 2240 1856 voluptatibus,
2286 1769 2602 1853 cupidita·

716 1890 892 1956 tibus
959 1904 1023 1956 et
1065 1891 1274 1986 quoad
1325 1891 1460 1976 ejus
1502 1889 1635 1957 fieri
1689 1903 1949 1976 potest,
1995 1886 2165 1953 omni
2206 1885 2484 1965 affectu,
2535 1885 2606 1950 id

719 2005 788 2073 in
841 2006 1065 2092 primis
1108 2025 1388 2087 caven8‚
1433 2023 1513 2073 ne
1572 2007 1651 2073 de
1698 2024 1992 2073 sensuum
2029 2004 2270 2092 judicio
2339 2023 2436 2069 res
2500 2001 2604 2069 di-

703 2124 1036 2210 judicans,
1109 2124 1284 2207 quod
1344 2125 1447 2190 his
1505 2127 1750 2209 placet,
1816 2144 2082 2206 verum,
2146 2121 2324 2205 quod
2375 2119 2602 2206 displi-

715 2257 864 2322 cet,
908 2240 1137 2306 falsum
1194 2226 1440 2306 habeat.

801 2353 1085 2426 Omnino
1148 2359 1229 2424 ad
1275 2359 1573 2423 virtutem
1632 2357 1925 2441 vitaeque
1965 2355 2352 2423 sanctitatem
2395 2355 2599 2422 addu-

703 2477 793 2542 cit
836 2476 1244 2560 philosophia
1278 2476 1609 2558 Platonis;
1659 2477 1770 2542 sed
1823 2467 2116 2542 sanctitas
2167 2473 2271 2539 illa
2316 2492 2448 2539 non
2491 2489 2598 2540 est

703 2589 1214 2659 anachoretarum
1237 2641 1261 2675 ‚
1307 2595 1418 2659 sed
1470 2594 1973 2682 philosophorum
1995 2641 2019 2674 ,
2066 2592 2178 2674 qui
2233 2595 2597 2681 sapientiae

700 2712 985 2777 student.
1074 2710 1272 2797 Quod
1327 2709 1613 2777 studium
1670 2729 1803 2777 non
1851 2709 2042 2795 hujus
2087 2708 2257 2776 vitae
2297 2707 2593 2775 terminis

692 2827 969 2911 definit,
1013 2829 1125 2895 sed
1167 2828 1415 2896 futurae
1458 2829 1523 2894 in
1554 2828 1775 2913 primis
1829 2829 1996 2895 vitae
2045 2827 2374 2913 proprium
2420 2826 2592 2892 exis-

702 2945 909 3012 timat.
996 2945 1427 3030 philosophos
1476 2945 1719 3012 inducit
1756 2946 1848 3012 sic
1893 2965 2104 3011 secum
2153 2943 2418 3010 invicem
2455 2945 2592 3009 dis·
2699 2949 2714 2956 ’

697 3076 1040 3145 putantes:
1103 3063 1401 3141 quamdiu
1461 3062 1525 3125 in
1587 3082 1858 3144 corpore
1919 3063 2352 3140 versabimur,
2410 3079 2597 3126 com·-

695 3177 1061 3257 mixtusque
1125 3177 1241 3241 erit
1299 3177 1424 3243 hoc
1488 3180 1653 3244 malo
1699 3192 1762 3243 et
1809 3177 2095 3260 pollutus
2138 3177 2388 3244 animus
2430 3185 2595 3245 nos‘-

694 3306 836 3374 ter‚
900 3309 1243 3374 numquam
1301 3294 1482 3364 nullo
1530 3295 1722 3361 modo
1779 3295 2033 3376 assequi
2079 3289 2269 3360 nobis
2317 3295 2596 3378 licebit,

699 3412 877 3496 quod
932 3411 1308 3496 expetimuS.
1403 3417 1608 3495 Φαμὲν
1663 3415 1724 3481 δὲ
1768 3420 1943 3481 τοῦτο
2004 3409 2153 3481 εἶναι
2215 3415 2284 3481 τὸ
2335 3415 2594 3491 ἀληθὲς.

688 3527 825 3597 Hoc
867 3544 1080 3596 autem
1131 3549 1255 3596 esse
1286 3528 1573 3595 dicimus
1612 3548 1920 3596 verum.
1969 3523 2036 3573 (⁸³
2111 3526 2283 3595 Mori
2343 3525 2592 3596 iccirco

688 3646 1012 3730 cupiunt:
1078 3659 1211 3711 tum
1266 3645 1483 3728 enim,
1550 3644 1892 3727 inquiunt,
1937 3644 2084 3729 puri
2140 3645 2593 3730 immunesque

682 3779 986 3832 sensuum
1048 3763 1475 3849 corporisque
1534 3762 1930 3846 dementiae,
1983 3783 2130 3831 cum
2175 3762 2452 3846 talibuS,
2499 3780 2585 3831 ut

2421 3901 2593 3952 con·

764 4013 846 4084 (ι)
889 4011 1177 4065 Phaedone
1212 4031 1265 4082 p·
1306 4016 1376 4069 83
1415 4019 1484 4069 A·
1632 4017 1715 4088 (α)
1741 4015 1931 4070 OEwd.
1969 4034 2025 4086 p’.
2064 4018 2132 4071 66
2167 4015 2233 4071 B.
