<?xml version="1.0" encoding="UTF-8"?>
<!DOCTYPE html PUBLIC "-//W3C//DTD XHTML 1.0 Transitional//EN"
    "http://www.w3.org/TR/xhtml1/DTD/xhtml1-transitional.dtd">
<html xmlns="http://www.w3.org/1999/xhtml" xml:lang="en" lang="en">
 <head>
  <title>
</title>
<meta http-equiv="Content-Type" content="text/html;charset=utf-8" />
  <meta name='ocr-system' content='tesseract 3.04.00' />
  <meta name='ocr-capabilities' content='ocr_page ocr_carea ocr_par ocr_line ocrx_word'/>
</head>
<body>
  <div class='ocr_page' id='page_1' title='image "./initiaphilosoph05heusgoog_0185.png"; bbox 0 0 2792 5167; ppageno 0'>
   <div class='ocr_carea' id='block_1_1' title="bbox 1433 387 1823 498">
    <p class='ocr_par' dir='ltr' id='par_1_1' title="bbox 1433 387 1823 498">
     <span class='ocr_line' id='line_1_1' title="bbox 1433 387 1823 498; baseline 0.005 -40"><span class='ocrx_word' id='word_1_1' title='bbox 1433 387 1823 498; x_wconf 43' lang='lat' dir='ltr'><strong>affige-m</strong></span> 
     </span>
    </p>
   </div>
   <div class='ocr_carea' id='block_1_2' title="bbox 665 568 2585 4166">
    <p class='ocr_par' dir='ltr' id='par_1_2' title="bbox 665 568 2585 4072">
     <span class='ocr_line' id='line_1_2' title="bbox 687 568 2553 676; baseline -0.003 -18"><span class='ocrx_word' id='word_1_2' title='bbox 687 604 877 676; x_wconf 84' lang='lat' dir='ltr'><strong>pacto</strong></span> <span class='ocrx_word' id='word_1_3' title='bbox 932 604 1116 674; x_wconf 83' lang='lat' dir='ltr'><strong>potes</strong></span> <span class='ocrx_word' id='word_1_4' title='bbox 1151 606 1543 673; x_wconf 84' lang='lat' dir='ltr'><strong>repugnare,</strong></span> <span class='ocrx_word' id='word_1_5' title='bbox 1586 588 1828 654; x_wconf 83' lang='lat' dir='ltr'><strong>socrati</strong></span> <span class='ocrx_word' id='word_1_6' title='bbox 1879 606 2027 653; x_wconf 85' lang='lat' dir='ltr'><strong>vero</strong></span> <span class='ocrx_word' id='word_1_7' title='bbox 2066 576 2380 652; x_wconf 79' lang='lat' dir='ltr'><strong>facillime.</strong></span> <span class='ocrx_word' id='word_1_8' title='bbox 2426 568 2553 652; x_wconf 74' lang='lat' dir='ltr'><strong>Se&#39;d</strong></span> 
     </span>
     <span class='ocr_line' id='line_1_3' title="bbox 685 702 2558 791; baseline -0.004 -16"><span class='ocrx_word' id='word_1_9' title='bbox 685 727 749 775; x_wconf 90' lang='lat' dir='ltr'><strong>te</strong></span> <span class='ocrx_word' id='word_1_10' title='bbox 790 708 1070 791; x_wconf 85' lang='lat' dir='ltr'><strong>equidem</strong></span> <span class='ocrx_word' id='word_1_11' title='bbox 1105 708 1230 791; x_wconf 82' lang='lat' dir='ltr'><strong>jam</strong></span> <span class='ocrx_word' id='word_1_12' title='bbox 1269 706 1530 772; x_wconf 86' lang='lat' dir='ltr'><strong>mittam.</strong></span> <span class='ocrx_word' id='word_1_13' title='bbox 1616 703 1905 770; x_wconf 84' lang='lat' dir='ltr'>Narrabo</span> <span class='ocrx_word' id='word_1_14' title='bbox 1942 719 2147 771; x_wconf 88' lang='lat' dir='ltr'><strong>autem</strong></span> <span class='ocrx_word' id='word_1_15' title='bbox 2183 702 2391 768; x_wconf 86' lang='lat' dir='ltr'><strong>Vobis</strong></span> <span class='ocrx_word' id='word_1_16' title='bbox 2429 718 2558 768; x_wconf 68' lang='lat' dir='ltr'><strong>set-⁴</strong></span> 
     </span>
     <span class='ocr_line' id='line_1_4' title="bbox 688 820 2563 906; baseline -0.004 -14"><span class='ocrx_word' id='word_1_17' title='bbox 688 844 933 892; x_wconf 87' lang='lat' dir='ltr'><strong>monem</strong></span> <span class='ocrx_word' id='word_1_18' title='bbox 960 872 986 906; x_wconf 81' lang='lat'>‚</span> <span class='ocrx_word' id='word_1_19' title='bbox 1045 842 1232 905; x_wconf 87' lang='lat' dir='ltr'><strong>quem</strong></span> <span class='ocrx_word' id='word_1_20' title='bbox 1299 823 1519 889; x_wconf 85' lang='lat' dir='ltr'><strong>habuit</strong></span> <span class='ocrx_word' id='word_1_21' title='bbox 1567 840 1810 888; x_wconf 80' lang='lat' dir='ltr'><strong>mecum</strong></span> <span class='ocrx_word' id='word_1_22' title='bbox 1851 820 2184 903; x_wconf 84' lang='lat' dir='ltr'><strong>aliquando</strong></span> <span class='ocrx_word' id='word_1_23' title='bbox 2228 820 2563 901; x_wconf 83' lang='lat' dir='ltr'><strong>Diotime‚</strong></span> 
     </span>
     <span class='ocr_line' id='line_1_5' title="bbox 692 938 2561 1024; baseline -0.004 -14"><span class='ocrx_word' id='word_1_24' title='bbox 692 945 876 1010; x_wconf 86' lang='lat' dir='ltr'><strong>docta</strong></span> <span class='ocrx_word' id='word_1_25' title='bbox 929 942 1190 1022; x_wconf 79' lang='lat' dir='ltr'><strong>mulier,</strong></span> <span class='ocrx_word' id='word_1_26' title='bbox 1238 956 1396 1023; x_wconf 86' lang='lat' dir='ltr'><strong>quae</strong></span> <span class='ocrx_word' id='word_1_27' title='bbox 1438 938 1666 1005; x_wconf 87' lang='lat' dir='ltr'><strong>amoris</strong></span> <span class='ocrx_word' id='word_1_28' title='bbox 1724 948 1827 1004; x_wconf 77' lang='lat' dir='ltr'><strong>me·</strong></span> <span class='ocrx_word' id='word_1_29' title='bbox 1857 938 2249 1024; x_wconf 77' lang='lat' dir='ltr'><strong>disciplinam</strong></span> <span class='ocrx_word' id='word_1_30' title='bbox 2307 939 2561 1005; x_wconf 84' lang='lat' dir='ltr'><strong>docuit.</strong></span> 
     </span>
     <span class='ocr_line' id='line_1_6' title="bbox 688 1056 2568 1138; baseline -0.001 -16"><span class='ocrx_word' id='word_1_31' title='bbox 688 1057 852 1122; x_wconf 88' lang='lat' dir='ltr'><strong>Nam</strong></span> <span class='ocrx_word' id='word_1_32' title='bbox 875 1103 901 1138; x_wconf 87' lang='lat'><strong>,</strong></span> <span class='ocrx_word' id='word_1_33' title='bbox 946 1066 1020 1121; x_wconf 89' lang='lat' dir='ltr'><strong>ut</strong></span> <span class='ocrx_word' id='word_1_34' title='bbox 1071 1057 1259 1121; x_wconf 90' lang='lat' dir='ltr'><strong>modo</strong></span> <span class='ocrx_word' id='word_1_35' title='bbox 1315 1056 1612 1138; x_wconf 84' lang='lat' dir='ltr'><strong>Agatho,</strong></span> <span class='ocrx_word' id='word_1_36' title='bbox 1678 1056 1769 1119; x_wconf 88' lang='lat' dir='ltr'><strong>sic</strong></span> <span class='ocrx_word' id='word_1_37' title='bbox 1823 1073 1940 1138; x_wconf 88' lang='lat' dir='ltr'><strong>ego</strong></span> <span class='ocrx_word' id='word_1_38' title='bbox 1981 1057 2061 1121; x_wconf 85' lang='lat' dir='ltr'><strong>de</strong></span> <span class='ocrx_word' id='word_1_39' title='bbox 2108 1058 2345 1122; x_wconf 88' lang='lat' dir='ltr'><strong>Amore</strong></span> <span class='ocrx_word' id='word_1_40' title='bbox 2389 1058 2568 1122; x_wconf 78' lang='lat' dir='ltr'><strong>dixe-</strong></span> 
     </span>
     <span class='ocr_line' id='line_1_7' title="bbox 686 1170 2571 1256; baseline -0.002 -15"><span class='ocrx_word' id='word_1_41' title='bbox 686 1190 810 1241; x_wconf 81' lang='lat' dir='ltr'><strong>ram</strong></span> <span class='ocrx_word' id='word_1_42' title='bbox 836 1218 859 1251; x_wconf 89' lang='lat'>‚</span> <span class='ocrx_word' id='word_1_43' title='bbox 901 1189 1194 1254; x_wconf 85' lang='lat' dir='ltr'><strong>magnum</strong></span> <span class='ocrx_word' id='word_1_44' title='bbox 1238 1191 1383 1239; x_wconf 84' lang='lat' dir='ltr'><strong>esse</strong></span> <span class='ocrx_word' id='word_1_45' title='bbox 1429 1173 1639 1237; x_wconf 86' lang='lat' dir='ltr'><strong>Deum</strong></span> <span class='ocrx_word' id='word_1_46' title='bbox 1664 1186 1731 1236; x_wconf 81' lang='lat' dir='ltr'><strong>et</strong></span> <span class='ocrx_word' id='word_1_47' title='bbox 1761 1170 2151 1237; x_wconf 82' lang='lat' dir='ltr'><strong>formosum:</strong></span> <span class='ocrx_word' id='word_1_48' title='bbox 2200 1173 2571 1256; x_wconf 76' lang='lat' dir='ltr'><strong>pariterque</strong></span> 
     </span>
     <span class='ocr_line' id='line_1_8' title="bbox 683 1285 2565 1377; baseline 0.003 -26"><span class='ocrx_word' id='word_1_49' title='bbox 683 1285 792 1355; x_wconf 80' lang='lat' dir='ltr'><strong>illa</strong></span> <span class='ocrx_word' id='word_1_50' title='bbox 825 1286 1150 1368; x_wconf 80' lang='lat' dir='ltr'><strong>effecerat,</strong></span> <span class='ocrx_word' id='word_1_51' title='bbox 1192 1305 1306 1353; x_wconf 87' lang='lat' dir='ltr'><strong>nec</strong></span> <span class='ocrx_word' id='word_1_52' title='bbox 1341 1286 1695 1377; x_wconf 83' lang='lat' dir='ltr'><strong>formosum</strong></span> <span class='ocrx_word' id='word_1_53' title='bbox 1732 1287 1907 1355; x_wconf 87' lang='lat' dir='ltr'><strong>illum</strong></span> <span class='ocrx_word' id='word_1_54' title='bbox 1942 1308 2079 1354; x_wconf 84' lang='lat' dir='ltr'><strong>esse</strong></span> <span class='ocrx_word' id='word_1_55' title='bbox 2121 1306 2236 1355; x_wconf 87' lang='lat' dir='ltr'><strong>nec</strong></span> <span class='ocrx_word' id='word_1_56' title='bbox 2285 1291 2565 1357; x_wconf 88' lang='lat' dir='ltr'><strong>bonum.</strong></span> 
     </span>
     <span class='ocr_line' id='line_1_9' title="bbox 695 1404 2569 1489; baseline -0.001 -17"><span class='ocrx_word' id='word_1_57' title='bbox 695 1405 824 1472; x_wconf 68' lang='lat' dir='ltr'><strong>Hie</strong></span> <span class='ocrx_word' id='word_1_58' title='bbox 878 1422 1041 1489; x_wconf 87' lang='lat' dir='ltr'><strong>ego,</strong></span> <span class='ocrx_word' id='word_1_59' title='bbox 1109 1404 1228 1470; x_wconf 80' lang='lat' dir='ltr'><strong>ain·</strong></span> <span class='ocrx_word' id='word_1_60' title='bbox 1283 1406 1579 1488; x_wconf 84' lang='lat' dir='ltr'><strong>tandem,</strong></span> <span class='ocrx_word' id='word_1_61' title='bbox 1640 1424 1682 1471; x_wconf 91' lang='lat' dir='ltr'><strong>o</strong></span> <span class='ocrx_word' id='word_1_62' title='bbox 1734 1405 2012 1471; x_wconf 87' lang='lat' dir='ltr'><strong>Diotime</strong></span> <span class='ocrx_word' id='word_1_63' title='bbox 2031 1406 2073 1473; x_wconf 70' lang='lat'><strong>‘3-</strong></span> <span class='ocrx_word' id='word_1_64' title='bbox 2129 1405 2400 1472; x_wconf 87' lang='lat' dir='ltr'><strong>Teteme</strong></span> <span class='ocrx_word' id='word_1_65' title='bbox 2467 1420 2569 1471; x_wconf 79' lang='lat' dir='ltr'><strong>est</strong></span> 
     </span>
     <span class='ocr_line' id='line_1_10' title="bbox 693 1522 2577 1605; baseline 0 -17"><span class='ocrx_word' id='word_1_66' title='bbox 693 1541 869 1588; x_wconf 86' lang='lat' dir='ltr'><strong>amor</strong></span> <span class='ocrx_word' id='word_1_67' title='bbox 892 1538 954 1587; x_wconf 82' lang='lat' dir='ltr'><strong>et</strong></span> <span class='ocrx_word' id='word_1_68' title='bbox 987 1522 1242 1588; x_wconf 70' lang='lat' dir='ltr'><strong>maius?</strong></span> <span class='ocrx_word' id='word_1_69' title='bbox 1271 1524 1378 1588; x_wconf 82' lang='lat' dir='ltr'><strong>Uia</strong></span> <span class='ocrx_word' id='word_1_70' title='bbox 1415 1542 1562 1588; x_wconf 82' lang='lat' dir='ltr'><strong>vero</strong></span> <span class='ocrx_word' id='word_1_71' title='bbox 1589 1571 1612 1604; x_wconf 85' lang='lat'>‚</span> <span class='ocrx_word' id='word_1_72' title='bbox 1658 1523 1821 1590; x_wconf 88' lang='lat' dir='ltr'><strong>bona</strong></span> <span class='ocrx_word' id='word_1_73' title='bbox 1856 1522 2366 1605; x_wconf 75' lang='lat' dir='ltr'><strong>verba,quaeso:</strong></span> <span class='ocrx_word' id='word_1_74' title='bbox 2415 1538 2577 1589; x_wconf 79' lang='lat' dir='ltr'><strong>tune</strong></span> 
     </span>
     <span class='ocr_line' id='line_1_11' title="bbox 698 1640 2577 1724; baseline -0.001 -17"><span class='ocrx_word' id='word_1_75' title='bbox 698 1660 852 1708; x_wconf 85' lang='lat' dir='ltr'><strong>vero</strong></span> <span class='ocrx_word' id='word_1_76' title='bbox 894 1656 1118 1724; x_wconf 81' lang='lat' dir='ltr'><strong>putas,</strong></span> <span class='ocrx_word' id='word_1_77' title='bbox 1165 1643 1338 1723; x_wconf 88' lang='lat' dir='ltr'><strong>quod</strong></span> <span class='ocrx_word' id='word_1_78' title='bbox 1372 1660 1503 1705; x_wconf 88' lang='lat' dir='ltr'><strong>non</strong></span> <span class='ocrx_word' id='word_1_79' title='bbox 1550 1643 1838 1723; x_wconf 85' lang='lat' dir='ltr'><strong>pulcrum</strong></span> <span class='ocrx_word' id='word_1_80' title='bbox 1907 1657 2041 1723; x_wconf 86' lang='lat' dir='ltr'><strong>est,</strong></span> <span class='ocrx_word' id='word_1_81' title='bbox 2103 1640 2453 1707; x_wconf 82' lang='lat' dir='ltr'><strong>necessario</strong></span> <span class='ocrx_word' id='word_1_82' title='bbox 2512 1641 2577 1706; x_wconf 85' lang='lat' dir='ltr'><strong>id</strong></span> 
     </span>
     <span class='ocr_line' id='line_1_12' title="bbox 694 1757 2580 1839; baseline -0.001 -16"><span class='ocrx_word' id='word_1_83' title='bbox 694 1772 921 1823; x_wconf 83' lang='lat' dir='ltr'><strong>tetrum</strong></span> <span class='ocrx_word' id='word_1_84' title='bbox 994 1757 1187 1820; x_wconf 78' lang='lat' dir='ltr'><strong>esse?</strong></span> <span class='ocrx_word' id='word_1_85' title='bbox 1270 1758 1407 1821; x_wconf 81' lang='lat' dir='ltr'><strong>Aut</strong></span> <span class='ocrx_word' id='word_1_86' title='bbox 1459 1760 1632 1836; x_wconf 89' lang='lat' dir='ltr'><strong>quod</strong></span> <span class='ocrx_word' id='word_1_87' title='bbox 1698 1776 1831 1822; x_wconf 84' lang='lat' dir='ltr'><strong>non</strong></span> <span class='ocrx_word' id='word_1_88' title='bbox 1889 1772 1986 1822; x_wconf 89' lang='lat' dir='ltr'><strong>est</strong></span> <span class='ocrx_word' id='word_1_89' title='bbox 2043 1759 2340 1839; x_wconf 64' lang='lat' dir='ltr'><strong>sapiens5</strong></span> <span class='ocrx_word' id='word_1_90' title='bbox 2408 1759 2580 1823; x_wconf 84' lang='lat' dir='ltr'><strong>stul·</strong></span> 
     </span>
     <span class='ocr_line' id='line_1_13' title="bbox 689 1871 2582 1957; baseline -0.001 -18"><span class='ocrx_word' id='word_1_91' title='bbox 689 1874 882 1939; x_wconf 69' lang='lat' dir='ltr'><strong>tum?</strong></span> <span class='ocrx_word' id='word_1_92' title='bbox 928 1873 1161 1938; x_wconf 87' lang='lat' dir='ltr'><strong>Nonne</strong></span> <span class='ocrx_word' id='word_1_93' title='bbox 1194 1871 1725 1955; x_wconf 84' lang='lat' dir='ltr'><strong>animadvertisti,</strong></span> <span class='ocrx_word' id='word_1_94' title='bbox 1770 1874 2038 1940; x_wconf 89' lang='lat' dir='ltr'><strong>medium</strong></span> <span class='ocrx_word' id='word_1_95' title='bbox 2091 1874 2245 1957; x_wconf 89' lang='lat' dir='ltr'><strong>quid</strong></span> <span class='ocrx_word' id='word_1_96' title='bbox 2286 1888 2433 1939; x_wconf 76' lang='lat' dir='ltr'><strong>esse</strong></span> <span class='ocrx_word' id='word_1_97' title='bbox 2481 1873 2582 1938; x_wconf 82' lang='lat' dir='ltr'><strong>in·</strong></span> 
     </span>
     <span class='ocr_line' id='line_1_14' title="bbox 693 1988 2584 2078; baseline -0.001 -21"><span class='ocrx_word' id='word_1_98' title='bbox 693 2004 791 2057; x_wconf 87' lang='lat' dir='ltr'><strong>ter</strong></span> <span class='ocrx_word' id='word_1_99' title='bbox 841 1988 1207 2075; x_wconf 81' lang='lat' dir='ltr'><strong>sapientiam</strong></span> <span class='ocrx_word' id='word_1_100' title='bbox 1264 2004 1325 2056; x_wconf 86' lang='lat' dir='ltr'><strong>et</strong></span> <span class='ocrx_word' id='word_1_101' title='bbox 1387 1991 1722 2058; x_wconf 84' lang='lat' dir='ltr'><strong>stultitiam</strong></span> <span class='ocrx_word' id='word_1_102' title='bbox 1747 2039 1771 2073; x_wconf 89' lang='lat'>,</span> <span class='ocrx_word' id='word_1_103' title='bbox 1814 2007 2030 2060; x_wconf 70' lang='lat' dir='ltr'><strong>verum</strong></span> <span class='ocrx_word' id='word_1_104' title='bbox 2087 1993 2338 2078; x_wconf 73' lang='lat' dir='ltr'><strong>opinari</strong></span> <span class='ocrx_word' id='word_1_105' title='bbox 2360 1995 2401 2059; x_wconf 69' lang='lat'><strong>,⁹</strong></span> <span class='ocrx_word' id='word_1_106' title='bbox 2444 1990 2584 2056; x_wconf 76' lang='lat' dir='ltr'><strong>Ve‘·</strong></span> 
     </span>
     <span class='ocr_line' id='line_1_15' title="bbox 692 2108 2585 2192; baseline -0.001 -17"><span class='ocrx_word' id='word_1_107' title='bbox 692 2128 833 2175; x_wconf 86' lang='lat' dir='ltr'><strong>rum</strong></span> <span class='ocrx_word' id='word_1_108' title='bbox 883 2108 1044 2174; x_wconf 83' lang='lat' dir='ltr'><strong>enim</strong></span> <span class='ocrx_word' id='word_1_109' title='bbox 1070 2155 1096 2190; x_wconf 90' lang='lat'>,</span> <span class='ocrx_word' id='word_1_110' title='bbox 1163 2109 1460 2190; x_wconf 80' lang='lat' dir='ltr'><strong>inquam,</strong></span> <span class='ocrx_word' id='word_1_111' title='bbox 1523 2110 1601 2173; x_wconf 87' lang='lat' dir='ltr'><strong>ab</strong></span> <span class='ocrx_word' id='word_1_112' title='bbox 1657 2108 1950 2175; x_wconf 84' lang='lat' dir='ltr'><strong>omnibus</strong></span> <span class='ocrx_word' id='word_1_113' title='bbox 2011 2108 2278 2192; x_wconf 86' lang='lat' dir='ltr'><strong>dicitur,</strong></span> <span class='ocrx_word' id='word_1_114' title='bbox 2346 2127 2481 2175; x_wconf 87' lang='lat' dir='ltr'><strong>uno</strong></span> <span class='ocrx_word' id='word_1_115' title='bbox 2518 2122 2585 2173; x_wconf 76' lang='lat' dir='ltr'><strong>et</strong></span> 
     </span>
     <span class='ocr_line' id='line_1_16' title="bbox 694 2224 2585 2308; baseline -0.001 -17"><span class='ocrx_word' id='word_1_116' title='bbox 694 2224 1015 2291; x_wconf 88' lang='lat' dir='ltr'><strong>communi</strong></span> <span class='ocrx_word' id='word_1_117' title='bbox 1051 2242 1415 2307; x_wconf 86' lang='lat' dir='ltr'><strong>consensu,</strong></span> <span class='ocrx_word' id='word_1_118' title='bbox 1458 2234 1727 2308; x_wconf 69' lang='lat' dir='ltr'><strong>magnus·</strong></span> <span class='ocrx_word' id='word_1_119' title='bbox 1762 2227 1938 2293; x_wconf 83' lang='lat' dir='ltr'><strong>Deus</strong></span> <span class='ocrx_word' id='word_1_120' title='bbox 1980 2245 2136 2298; x_wconf 85' lang='lat' dir='ltr'><strong>esse.</strong></span> <span class='ocrx_word' id='word_1_121' title='bbox 2221 2224 2325 2293; x_wconf 81' lang='lat' dir='ltr'><strong>Ab</strong></span> <span class='ocrx_word' id='word_1_122' title='bbox 2375 2225 2585 2292; x_wconf 84' lang='lat' dir='ltr'><strong>omni·</strong></span> 
     </span>
     <span class='ocr_line' id='line_1_17' title="bbox 691 2339 2579 2424; baseline 0.003 -20"><span class='ocrx_word' id='word_1_123' title='bbox 691 2339 869 2422; x_wconf 76' lang='lat' dir='ltr'><strong>bus,</strong></span> <span class='ocrx_word' id='word_1_124' title='bbox 911 2339 1104 2406; x_wconf 60' lang='lat' dir='ltr'><strong>dicis}</strong></span> <span class='ocrx_word' id='word_1_125' title='bbox 1154 2339 1586 2424; x_wconf 85' lang='lat' dir='ltr'><strong>ignorantibus</strong></span> <span class='ocrx_word' id='word_1_126' title='bbox 1624 2390 1648 2424; x_wconf 89' lang='lat'>,</span> <span class='ocrx_word' id='word_1_127' title='bbox 1693 2361 1770 2408; x_wconf 88' lang='lat' dir='ltr'><strong>an</strong></span> <span class='ocrx_word' id='word_1_128' title='bbox 1827 2342 2229 2409; x_wconf 77' lang='lat' dir='ltr'><strong>scientibus?</strong></span> <span class='ocrx_word' id='word_1_129' title='bbox 2269 2342 2376 2410; x_wconf 84' lang='lat' dir='ltr'><strong>Ab</strong></span> <span class='ocrx_word' id='word_1_130' title='bbox 2439 2362 2579 2409; x_wconf 84' lang='lat' dir='ltr'><strong>om-</strong></span> 
     </span>
     <span class='ocr_line' id='line_1_18' title="bbox 696 2456 2578 2540; baseline 0.002 -18"><span class='ocrx_word' id='word_1_131' title='bbox 696 2456 930 2540; x_wconf 80' lang='lat' dir='ltr'><strong>nibus,</strong></span> <span class='ocrx_word' id='word_1_132' title='bbox 972 2458 1271 2540; x_wconf 85' lang='lat' dir='ltr'><strong>inquam,</strong></span> <span class='ocrx_word' id='word_1_133' title='bbox 1337 2458 1622 2525; x_wconf 87' lang='lat' dir='ltr'><strong>omnino.</strong></span> <span class='ocrx_word' id='word_1_134' title='bbox 1711 2460 1881 2525; x_wconf 91' lang='lat' dir='ltr'><strong>Tum</strong></span> <span class='ocrx_word' id='word_1_135' title='bbox 1944 2460 2047 2527; x_wconf 86' lang='lat' dir='ltr'><strong>illa</strong></span> <span class='ocrx_word' id='word_1_136' title='bbox 2087 2458 2578 2540; x_wconf 72' lang='lat' dir='ltr'><strong>subriden5‚&#39;et</strong></span> 
     </span>
     <span class='ocr_line' id='line_1_19' title="bbox 697 2573 2580 2659; baseline 0.003 -22"><span class='ocrx_word' id='word_1_137' title='bbox 697 2590 831 2656; x_wconf 90' lang='lat' dir='ltr'><strong>quo</strong></span> <span class='ocrx_word' id='word_1_138' title='bbox 891 2573 1132 2638; x_wconf 85' lang='lat' dir='ltr'><strong>tandem</strong></span> <span class='ocrx_word' id='word_1_139' title='bbox 1191 2587 1379 2655; x_wconf 86' lang='lat' dir='ltr'><strong>pacto</strong></span> <span class='ocrx_word' id='word_1_140' title='bbox 1407 2621 1432 2656; x_wconf 88' lang='lat'>,</span> <span class='ocrx_word' id='word_1_141' title='bbox 1498 2574 1746 2659; x_wconf 88' lang='lat' dir='ltr'><strong>inquit,</strong></span> <span class='ocrx_word' id='word_1_142' title='bbox 1807 2595 1847 2640; x_wconf 92' lang='lat' dir='ltr'><strong>o</strong></span> <span class='ocrx_word' id='word_1_143' title='bbox 1907 2578 2239 2659; x_wconf 83' lang='lat' dir='ltr'><strong>Socrates,</strong></span> <span class='ocrx_word' id='word_1_144' title='bbox 2302 2594 2580 2659; x_wconf 82' lang='lat' dir='ltr'><strong>magnus</strong></span> 
     </span>
     <span class='ocr_line' id='line_1_20' title="bbox 702 2690 2575 2778; baseline 0.002 -22"><span class='ocrx_word' id='word_1_145' title='bbox 702 2691 881 2757; x_wconf 87' lang='lat' dir='ltr'><strong>Deus</strong></span> <span class='ocrx_word' id='word_1_146' title='bbox 916 2690 993 2756; x_wconf 80' lang='lat' dir='ltr'><strong>ab</strong></span> <span class='ocrx_word' id='word_1_147' title='bbox 1023 2690 1123 2756; x_wconf 89' lang='lat' dir='ltr'><strong>his</strong></span> <span class='ocrx_word' id='word_1_148' title='bbox 1165 2690 1444 2773; x_wconf 88' lang='lat' dir='ltr'><strong>dicatur,</strong></span> <span class='ocrx_word' id='word_1_149' title='bbox 1490 2691 1603 2773; x_wconf 88' lang='lat' dir='ltr'><strong>qui</strong></span> <span class='ocrx_word' id='word_1_150' title='bbox 1646 2693 1853 2758; x_wconf 88' lang='lat' dir='ltr'><strong>Deum</strong></span> <span class='ocrx_word' id='word_1_151' title='bbox 1887 2693 2063 2761; x_wconf 79' lang='lat' dir='ltr'><strong>illum</strong></span> <span class='ocrx_word' id='word_1_152' title='bbox 2108 2714 2253 2759; x_wconf 81' lang='lat' dir='ltr'><strong>esse</strong></span> <span class='ocrx_word' id='word_1_153' title='bbox 2286 2694 2575 2778; x_wconf 65' lang='lat' dir='ltr'><strong>negant?</strong></span> 
     </span>
     <span class='ocr_line' id='line_1_21' title="bbox 701 2806 2579 2895; baseline 0.003 -23"><span class='ocrx_word' id='word_1_154' title='bbox 701 2807 976 2893; x_wconf 86' lang='lat' dir='ltr'><strong>Quinam</strong></span> <span class='ocrx_word' id='word_1_155' title='bbox 1038 2807 1129 2874; x_wconf 85' lang='lat' dir='ltr'><strong>illi</strong></span> <span class='ocrx_word' id='word_1_156' title='bbox 1183 2810 1430 2875; x_wconf 81' lang='lat' dir='ltr'><strong>tandem</strong></span> <span class='ocrx_word' id='word_1_157' title='bbox 1455 2857 1479 2893; x_wconf 86' lang='lat'>,</span> <span class='ocrx_word' id='word_1_158' title='bbox 1524 2809 1834 2891; x_wconf 64' lang='lat' dir='ltr'><strong>inquam?</strong></span> <span class='ocrx_word' id='word_1_159' title='bbox 1898 2806 2127 2894; x_wconf 87' lang='lat' dir='ltr'><strong>Unus,</strong></span> <span class='ocrx_word' id='word_1_160' title='bbox 2171 2811 2415 2895; x_wconf 87' lang='lat' dir='ltr'><strong>inquit,</strong></span> <span class='ocrx_word' id='word_1_161' title='bbox 2461 2813 2579 2877; x_wconf 77' lang='lat' dir='ltr'><strong>ho·-</strong></span> 
     </span>
     <span class='ocr_line' id='line_1_22' title="bbox 701 2926 2580 3013; baseline 0.004 -25"><span class='ocrx_word' id='word_1_162' title='bbox 701 2944 841 2989; x_wconf 86' lang='lat' dir='ltr'><strong>rum</strong></span> <span class='ocrx_word' id='word_1_163' title='bbox 873 2937 944 2992; x_wconf 91' lang='lat' dir='ltr'><strong>tu</strong></span> <span class='ocrx_word' id='word_1_164' title='bbox 974 2944 1042 2990; x_wconf 83' lang='lat' dir='ltr'><strong>es</strong></span> <span class='ocrx_word' id='word_1_165' title='bbox 1064 2972 1087 3005; x_wconf 86' lang='lat'>‚</span> <span class='ocrx_word' id='word_1_166' title='bbox 1135 2944 1256 2993; x_wconf 83' lang='lat' dir='ltr'><strong>una</strong></span> <span class='ocrx_word' id='word_1_167' title='bbox 1291 2946 1434 3010; x_wconf 72' lang='lat' dir='ltr'><strong>ego,</strong></span> <span class='ocrx_word' id='word_1_168' title='bbox 1520 2926 1848 3012; x_wconf 48' lang='lat' dir='ltr'><strong>Equidem,</strong></span> <span class='ocrx_word' id='word_1_169' title='bbox 1878 2949 2031 2995; x_wconf 85' lang='lat' dir='ltr'><strong>vero</strong></span> <span class='ocrx_word' id='word_1_170' title='bbox 2071 2930 2393 2997; x_wconf 84' lang='lat' dir='ltr'><strong>dicebam:</strong></span> <span class='ocrx_word' id='word_1_171' title='bbox 2447 2949 2580 3013; x_wconf 87' lang='lat' dir='ltr'><strong>quo</strong></span> 
     </span>
     <span class='ocr_line' id='line_1_23' title="bbox 665 3024 2578 3132; baseline 0.005 -29"><span class='ocrx_word' id='word_1_172' title='bbox 665 3024 674 3031; x_wconf 48' lang='lat'><em>⁶</em></span> <span class='ocrx_word' id='word_1_173' title='bbox 708 3041 951 3105; x_wconf 83' lang='lat' dir='ltr'><strong>tandem</strong></span> <span class='ocrx_word' id='word_1_174' title='bbox 1022 3044 1210 3105; x_wconf 91' lang='lat' dir='ltr'><strong>modo</strong></span> <span class='ocrx_word' id='word_1_175' title='bbox 1286 3042 1409 3108; x_wconf 88' lang='lat' dir='ltr'><strong>hoc</strong></span> <span class='ocrx_word' id='word_1_176' title='bbox 1480 3044 1799 3112; x_wconf 76' lang='lat' dir='ltr'><strong>affirmas?</strong></span> <span class='ocrx_word' id='word_1_177' title='bbox 1864 3047 2248 3128; x_wconf 79' lang='lat' dir='ltr'><strong>Manifesto‚</strong></span> <span class='ocrx_word' id='word_1_178' title='bbox 2321 3047 2578 3132; x_wconf 78' lang='lat' dir='ltr'><strong>inquit:</strong></span> 
     </span>
     <span class='ocr_line' id='line_1_24' title="bbox 702 3156 2583 3251; baseline 0.007 -31"><span class='ocrx_word' id='word_1_179' title='bbox 702 3172 844 3220; x_wconf 82' lang='lat' dir='ltr'><strong>nam</strong></span> <span class='ocrx_word' id='word_1_180' title='bbox 895 3156 1231 3239; x_wconf 79' lang='lat' dir='ltr'><strong>tumetipse</strong></span> <span class='ocrx_word' id='word_1_181' title='bbox 1291 3159 1642 3242; x_wconf 86' lang='lat' dir='ltr'><strong>admisisti,</strong></span> <span class='ocrx_word' id='word_1_182' title='bbox 1699 3179 1987 3247; x_wconf 86' lang='lat' dir='ltr'><strong>appetere</strong></span> <span class='ocrx_word' id='word_1_183' title='bbox 2042 3182 2321 3232; x_wconf 75' lang='lat' dir='ltr'><strong>=amorem</strong></span> <span class='ocrx_word' id='word_1_184' title='bbox 2359 3168 2583 3251; x_wconf 73' lang='lat' dir='ltr'><strong>pulcra</strong></span> 
     </span>
     <span class='ocr_line' id='line_1_25' title="bbox 704 3270 2581 3359; baseline 0.005 -23"><span class='ocrx_word' id='word_1_185' title='bbox 704 3285 768 3336; x_wconf 88' lang='lat' dir='ltr'><strong>et</strong></span> <span class='ocrx_word' id='word_1_186' title='bbox 814 3270 977 3337; x_wconf 88' lang='lat' dir='ltr'><strong>bona</strong></span> <span class='ocrx_word' id='word_1_187' title='bbox 1003 3319 1028 3352; x_wconf 86' lang='lat'>‚</span> <span class='ocrx_word' id='word_1_188' title='bbox 1073 3275 1583 3359; x_wconf 85' lang='lat' dir='ltr'><strong>quandoquidem</strong></span> <span class='ocrx_word' id='word_1_189' title='bbox 1618 3278 1695 3346; x_wconf 89' lang='lat' dir='ltr'><strong>iis</strong></span> <span class='ocrx_word' id='word_1_190' title='bbox 1724 3295 1820 3346; x_wconf 82' lang='lat' dir='ltr'><strong>est</strong></span> <span class='ocrx_word' id='word_1_191' title='bbox 1858 3281 2222 3348; x_wconf 84' lang='lat' dir='ltr'><strong>destitutus.</strong></span> <span class='ocrx_word' id='word_1_192' title='bbox 2312 3283 2439 3348; x_wconf 82' lang='lat' dir='ltr'><strong>His</strong></span> <span class='ocrx_word' id='word_1_193' title='bbox 2469 3301 2581 3347; x_wconf 88' lang='lat' dir='ltr'><strong>au·</strong></span> 
     </span>
     <span class='ocr_line' id='line_1_26' title="bbox 699 3388 2584 3478; baseline 0.003 -22"><span class='ocrx_word' id='word_1_194' title='bbox 699 3406 824 3456; x_wconf 86' lang='lat' dir='ltr'><strong>tem</strong></span> <span class='ocrx_word' id='word_1_195' title='bbox 875 3388 1262 3471; x_wconf 84' lang='lat' dir='ltr'><strong>destitutus,</strong></span> <span class='ocrx_word' id='word_1_196' title='bbox 1309 3396 1423 3474; x_wconf 73' lang='lat' dir='ltr'><strong>qut</strong></span> <span class='ocrx_word' id='word_1_197' title='bbox 1469 3396 1710 3462; x_wconf 89' lang='lat' dir='ltr'><strong>tandem</strong></span> <span class='ocrx_word' id='word_1_198' title='bbox 1749 3395 1955 3478; x_wconf 87' lang='lat' dir='ltr'><strong>possit</strong></span> <span class='ocrx_word' id='word_1_199' title='bbox 2001 3397 2176 3462; x_wconf 89' lang='lat' dir='ltr'><strong>Deus</strong></span> <span class='ocrx_word' id='word_1_200' title='bbox 2219 3398 2415 3464; x_wconf 73' lang='lat' dir='ltr'><strong>esse?</strong></span> <span class='ocrx_word' id='word_1_201' title='bbox 2460 3397 2584 3465; x_wconf 89' lang='lat' dir='ltr'><strong>Vi-</strong></span> 
     </span>
     <span class='ocr_line' id='line_1_27' title="bbox 702 3490 2580 3596; baseline 0.006 -25"><span class='ocrx_word' id='word_1_202' title='bbox 702 3507 894 3572; x_wconf 87' lang='lat' dir='ltr'><strong>desne</strong></span> <span class='ocrx_word' id='word_1_203' title='bbox 932 3490 1158 3590; x_wconf 62' lang='lat' dir='ltr'><strong>igitur,</strong></span> <span class='ocrx_word' id='word_1_204' title='bbox 1202 3523 1264 3573; x_wconf 90' lang='lat' dir='ltr'><strong>te</strong></span> <span class='ocrx_word' id='word_1_205' title='bbox 1307 3509 1448 3576; x_wconf 88' lang='lat' dir='ltr'><strong>item</strong></span> <span class='ocrx_word' id='word_1_206' title='bbox 1510 3531 1780 3596; x_wconf 83' lang='lat' dir='ltr'><strong>negare,</strong></span> <span class='ocrx_word' id='word_1_207' title='bbox 1823 3512 2028 3580; x_wconf 85' lang='lat' dir='ltr'><strong>Deum</strong></span> <span class='ocrx_word' id='word_1_208' title='bbox 2068 3533 2204 3579; x_wconf 86' lang='lat' dir='ltr'><strong>esse</strong></span> <span class='ocrx_word' id='word_1_209' title='bbox 2247 3516 2580 3583; x_wconf 70' lang='lat' dir='ltr'><strong>amorem?</strong></span> 
     </span>
     <span class='ocr_line' id='line_1_28' title="bbox 702 3623 2580 3710; baseline 0.005 -21"><span class='ocrx_word' id='word_1_210' title='bbox 702 3625 877 3710; x_wconf 89' lang='lat' dir='ltr'><strong>Quid</strong></span> <span class='ocrx_word' id='word_1_211' title='bbox 925 3623 1174 3708; x_wconf 71' lang='lat' dir='ltr'><strong>igitur?</strong></span> <span class='ocrx_word' id='word_1_212' title='bbox 1229 3625 1524 3709; x_wconf 84' lang='lat' dir='ltr'><strong>inquam:</strong></span> <span class='ocrx_word' id='word_1_213' title='bbox 1593 3646 1765 3695; x_wconf 87' lang='lat' dir='ltr'><strong>estne</strong></span> <span class='ocrx_word' id='word_1_214' title='bbox 1818 3631 2095 3696; x_wconf 84' lang='lat' dir='ltr'><strong>mortalis</strong></span> <span class='ocrx_word' id='word_1_215' title='bbox 2161 3635 2384 3700; x_wconf 73' lang='lat' dir='ltr'><strong>amor?</strong></span> <span class='ocrx_word' id='word_1_216' title='bbox 2453 3632 2580 3701; x_wconf 86' lang='lat' dir='ltr'><strong>Mi·</strong></span> 
     </span>
     <span class='ocr_line' id='line_1_29' title="bbox 691 3741 2581 3835; baseline 0.005 -29"><span class='ocrx_word' id='word_1_217' title='bbox 691 3741 881 3807; x_wconf 86' lang='lat' dir='ltr'><strong>nime.</strong></span> <span class='ocrx_word' id='word_1_218' title='bbox 966 3743 1092 3809; x_wconf 89' lang='lat' dir='ltr'><strong>Sed</strong></span> <span class='ocrx_word' id='word_1_219' title='bbox 1132 3744 1285 3824; x_wconf 87' lang='lat' dir='ltr'><strong>quid</strong></span> <span class='ocrx_word' id='word_1_220' title='bbox 1314 3748 1607 3814; x_wconf 73' lang='lat' dir='ltr'><strong>tandem?</strong></span> <span class='ocrx_word' id='word_1_221' title='bbox 1658 3777 1721 3793; x_wconf 79' lang='lat'><strong>-·</strong></span> <span class='ocrx_word' id='word_1_222' title='bbox 1765 3749 1862 3815; x_wconf 86' lang='lat' dir='ltr'><strong>Ut</strong></span> <span class='ocrx_word' id='word_1_223' title='bbox 1899 3750 2221 3835; x_wconf 83' lang='lat' dir='ltr'><strong>superiora</strong></span> <span class='ocrx_word' id='word_1_224' title='bbox 2266 3751 2367 3819; x_wconf 80' lang='lat' dir='ltr'><strong>iila</strong></span> <span class='ocrx_word' id='word_1_225' title='bbox 2394 3799 2419 3830; x_wconf 77' lang='lat'>,</span> <span class='ocrx_word' id='word_1_226' title='bbox 2458 3773 2581 3818; x_wconf 86' lang='lat' dir='ltr'><strong>me·</strong></span> 
     </span>
     <span class='ocr_line' id='line_1_30' title="bbox 694 3855 2577 3955; baseline 0.006 -35"><span class='ocrx_word' id='word_1_227' title='bbox 694 3855 867 3921; x_wconf 85' lang='lat' dir='ltr'><strong>dium</strong></span> <span class='ocrx_word' id='word_1_228' title='bbox 906 3859 1059 3941; x_wconf 77' lang='lat' dir='ltr'><strong>quid</strong></span> <span class='ocrx_word' id='word_1_229' title='bbox 1095 3861 1254 3926; x_wconf 87' lang='lat' dir='ltr'><strong>inter</strong></span> <span class='ocrx_word' id='word_1_230' title='bbox 1298 3865 1577 3931; x_wconf 85' lang='lat' dir='ltr'><strong>mortalia</strong></span> <span class='ocrx_word' id='word_1_231' title='bbox 1615 3880 1677 3931; x_wconf 87' lang='lat' dir='ltr'><strong>et</strong></span> <span class='ocrx_word' id='word_1_232' title='bbox 1750 3864 2141 3935; x_wconf 85' lang='lat' dir='ltr'><strong>immortalia.</strong></span> <span class='ocrx_word' id='word_1_233' title='bbox 2201 3868 2415 3955; x_wconf 59' lang='lat' dir='ltr'><strong>‘Quid</strong></span> <span class='ocrx_word' id='word_1_234' title='bbox 2466 3867 2577 3952; x_wconf 85' lang='lat' dir='ltr'><strong>igi-</strong></span> 
     </span>
     <span class='ocr_line' id='line_1_31' title="bbox 689 3974 2574 4072; baseline 0.011 -36"><span class='ocrx_word' id='word_1_235' title='bbox 689 3980 840 4053; x_wconf 79' lang='lat' dir='ltr'><strong>tur,</strong></span> <span class='ocrx_word' id='word_1_236' title='bbox 882 3974 1211 4044; x_wconf 70' lang='lat' dir='ltr'><strong>Diotime?</strong></span> <span class='ocrx_word' id='word_1_237' title='bbox 1255 3981 1584 4067; x_wconf 89' lang='lat' dir='ltr'><strong>Daemon,</strong></span> <span class='ocrx_word' id='word_1_238' title='bbox 1645 4004 1687 4050; x_wconf 94' lang='lat' dir='ltr'><strong>o</strong></span> <span class='ocrx_word' id='word_1_239' title='bbox 1754 3984 2042 4052; x_wconf 84' lang='lat' dir='ltr'><strong>Socrates</strong></span> <span class='ocrx_word' id='word_1_240' title='bbox 2073 4034 2095 4069; x_wconf 89' lang='lat'><strong>,</strong></span> <span class='ocrx_word' id='word_1_241' title='bbox 2153 4005 2459 4072; x_wconf 74' lang='lat' dir='ltr'><strong>magnusz</strong></span> <span class='ocrx_word' id='word_1_242' title='bbox 2516 4000 2574 4048; x_wconf 84' lang='lat' dir='ltr'><strong>et</strong></span> 
     </span>
    </p>

    <p class='ocr_par' dir='ltr' id='par_1_3' title="bbox 2470 4119 2575 4166">
     <span class='ocr_line' id='line_1_32' title="bbox 2470 4119 2575 4166; baseline 0 0"><span class='ocrx_word' id='word_1_243' title='bbox 2470 4119 2575 4166; x_wconf 86' lang='lat' dir='ltr'><strong>ve·</strong></span> 
     </span>
    </p>
   </div>
  </div>
 </body>
</html>
