<?xml version="1.0" encoding="UTF-8"?>
<!DOCTYPE html PUBLIC "-//W3C//DTD XHTML 1.0 Transitional//EN"
    "http://www.w3.org/TR/xhtml1/DTD/xhtml1-transitional.dtd">
<html xmlns="http://www.w3.org/1999/xhtml" xml:lang="en" lang="en">
 <head>
  <title>
</title>
<meta http-equiv="Content-Type" content="text/html;charset=utf-8" />
  <meta name='ocr-system' content='tesseract 3.04.00' />
  <meta name='ocr-capabilities' content='ocr_page ocr_carea ocr_par ocr_line ocrx_word'/>
</head>
<body>
  <div class='ocr_page' id='page_1' title='image "./initiaphilosoph05heusgoog_0309.png"; bbox 0 0 2792 5167; ppageno 0'>
   <div class='ocr_carea' id='block_1_1' title="bbox 1453 483 1806 574">
    <p class='ocr_par' dir='ltr' id='par_1_1' title="bbox 1453 483 1806 574">
     <span class='ocr_line' id='line_1_1' title="bbox 1453 483 1806 574; baseline -0.017 -34"><span class='ocrx_word' id='word_1_1' title='bbox 1453 483 1806 574; x_wconf 70' lang='lat'>-76—</span> 
     </span>
    </p>
   </div>
   <div class='ocr_carea' id='block_1_2' title="bbox 610 663 2692 4244">
    <p class='ocr_par' dir='ltr' id='par_1_2' title="bbox 610 663 2692 4144">
     <span class='ocr_line' id='line_1_2' title="bbox 610 663 2538 753; baseline -0.002 -14"><span class='ocrx_word' id='word_1_2' title='bbox 610 733 619 741; x_wconf 84' lang='grc'><strong><em>,</em></strong></span> <span class='ocrx_word' id='word_1_3' title='bbox 686 663 787 739; x_wconf 67' lang='grc' dir='ltr'>δίο</span> <span class='ocrx_word' id='word_1_4' title='bbox 824 665 1299 753; x_wconf 78' lang='lat' dir='ltr'>percipiendam</span> <span class='ocrx_word' id='word_1_5' title='bbox 1375 663 1665 749; x_wconf 81' lang='lat' dir='ltr'>praebuit</span> <span class='ocrx_word' id='word_1_6' title='bbox 1738 663 2097 733; x_wconf 76' lang='lat' dir='ltr'>Socraticae</span> <span class='ocrx_word' id='word_1_7' title='bbox 2177 666 2538 752; x_wconf 78' lang='lat' dir='ltr'>disciplinae</span> 
     </span>
     <span class='ocr_line' id='line_1_3' title="bbox 698 769 2563 867; baseline 0.001 -16"><span class='ocrx_word' id='word_1_8' title='bbox 698 784 1047 852; x_wconf 86' lang='lat' dir='ltr'>ubertatem</span> <span class='ocrx_word' id='word_1_9' title='bbox 1069 827 1097 867; x_wconf 84' lang='lat'>‚</span> <span class='ocrx_word' id='word_1_10' title='bbox 1162 797 1331 867; x_wconf 79' lang='lat' dir='ltr'>quae</span> <span class='ocrx_word' id='word_1_11' title='bbox 1392 794 1532 848; x_wconf 86' lang='lat' dir='ltr'>tota</span> <span class='ocrx_word' id='word_1_12' title='bbox 1586 781 1738 849; x_wconf 86' lang='lat' dir='ltr'>item</span> <span class='ocrx_word' id='word_1_13' title='bbox 1795 800 1875 850; x_wconf 83' lang='lat' dir='ltr'>ex</span> <span class='ocrx_word' id='word_1_14' title='bbox 1931 784 2151 850; x_wconf 88' lang='lat' dir='ltr'>eodem</span> <span class='ocrx_word' id='word_1_15' title='bbox 2210 784 2333 852; x_wconf 89' lang='lat' dir='ltr'>hoc</span> <span class='ocrx_word' id='word_1_16' title='bbox 2387 769 2563 853; x_wconf 83' lang='lat' dir='ltr'>fonte</span> 
     </span>
     <span class='ocr_line' id='line_1_4' title="bbox 695 898 2566 984; baseline -0.002 -15"><span class='ocrx_word' id='word_1_17' title='bbox 695 903 885 970; x_wconf 83' lang='lat' dir='ltr'>ducta</span> <span class='ocrx_word' id='word_1_18' title='bbox 922 914 1046 969; x_wconf 76' lang='lat' dir='ltr'>est.</span> <span class='ocrx_word' id='word_1_19' title='bbox 1144 899 1313 968; x_wconf 75' lang='lat' dir='ltr'>Nam</span> <span class='ocrx_word' id='word_1_20' title='bbox 1356 898 1696 982; x_wconf 86' lang='lat' dir='ltr'>utriusque</span> <span class='ocrx_word' id='word_1_21' title='bbox 1731 900 2207 982; x_wconf 75' lang='lat' dir='ltr'>explicationem</span> <span class='ocrx_word' id='word_1_22' title='bbox 2250 899 2566 984; x_wconf 67' lang='lat' dir='ltr'>quaestio-</span> 
     </span>
     <span class='ocr_line' id='line_1_5' title="bbox 698 1015 2565 1099; baseline 0.001 -14"><span class='ocrx_word' id='word_1_23' title='bbox 698 1017 805 1085; x_wconf 77' lang='lat' dir='ltr'>nis</span> <span class='ocrx_word' id='word_1_24' title='bbox 838 1035 971 1085; x_wconf 88' lang='lat' dir='ltr'>non</span> <span class='ocrx_word' id='word_1_25' title='bbox 1006 1015 1303 1099; x_wconf 66' lang='lat' dir='ltr'>diffide,</span> <span class='ocrx_word' id='word_1_26' title='bbox 1345 1015 1459 1083; x_wconf 88' lang='lat' dir='ltr'>sed</span> <span class='ocrx_word' id='word_1_27' title='bbox 1485 1061 1511 1097; x_wconf 91' lang='lat'><strong>,</strong></span> <span class='ocrx_word' id='word_1_28' title='bbox 1577 1016 1737 1082; x_wconf 83' lang='lat' dir='ltr'>duce</span> <span class='ocrx_word' id='word_1_29' title='bbox 1789 1015 2109 1099; x_wconf 84' lang='lat' dir='ltr'>Platone,</span> <span class='ocrx_word' id='word_1_30' title='bbox 2149 1037 2192 1087; x_wconf 90' lang='lat' dir='ltr'>e</span> <span class='ocrx_word' id='word_1_31' title='bbox 2246 1019 2565 1086; x_wconf 79' lang='lat' dir='ltr'>nobismet</span> 
     </span>
     <span class='ocr_line' id='line_1_6' title="bbox 698 1131 2564 1219; baseline 0 -17"><span class='ocrx_word' id='word_1_32' title='bbox 698 1131 862 1219; x_wconf 74' lang='lat' dir='ltr'>ipsis</span> <span class='ocrx_word' id='word_1_33' title='bbox 887 1181 914 1218; x_wconf 91' lang='lat'>‚</span> <span class='ocrx_word' id='word_1_34' title='bbox 975 1151 1055 1201; x_wconf 84' lang='lat' dir='ltr'>ex</span> <span class='ocrx_word' id='word_1_35' title='bbox 1130 1132 1318 1200; x_wconf 76' lang='lat' dir='ltr'>animi</span> <span class='ocrx_word' id='word_1_36' title='bbox 1372 1132 1577 1199; x_wconf 81' lang='lat' dir='ltr'>nostri</span> <span class='ocrx_word' id='word_1_37' title='bbox 1625 1132 1846 1198; x_wconf 67' lang='lat' dir='ltr'>natura</span> <span class='ocrx_word' id='word_1_38' title='bbox 1911 1132 2309 1200; x_wconf 78' lang='lat' dir='ltr'>hauriendam</span> <span class='ocrx_word' id='word_1_39' title='bbox 2368 1131 2564 1219; x_wconf 80' lang='lat' dir='ltr'>puta·</span> 
     </span>
     <span class='ocr_line' id='line_1_7' title="bbox 700 1248 2564 1340; baseline -0.001 -20"><span class='ocrx_word' id='word_1_40' title='bbox 700 1252 937 1320; x_wconf 80' lang='lat' dir='ltr'>vimus.</span> <span class='ocrx_word' id='word_1_41' title='bbox 1022 1250 1273 1340; x_wconf 83' lang='lat' dir='ltr'>Quibus</span> <span class='ocrx_word' id='word_1_42' title='bbox 1326 1248 1643 1336; x_wconf 78' lang='lat' dir='ltr'>explicitis</span> <span class='ocrx_word' id='word_1_43' title='bbox 1702 1248 1948 1317; x_wconf 74' lang='lat' dir='ltr'>tandem</span> <span class='ocrx_word' id='word_1_44' title='bbox 1970 1295 1997 1332; x_wconf 90' lang='lat'>‚</span> <span class='ocrx_word' id='word_1_45' title='bbox 2072 1250 2377 1335; x_wconf 78' lang='lat' dir='ltr'>suspicari</span> <span class='ocrx_word' id='word_1_46' title='bbox 2431 1252 2564 1338; x_wconf 83' lang='lat' dir='ltr'>jam</span> 
     </span>
     <span class='ocr_line' id='line_1_8' title="bbox 701 1365 2564 1455; baseline -0.001 -19"><span class='ocrx_word' id='word_1_47' title='bbox 701 1368 890 1438; x_wconf 78' lang='lat' dir='ltr'>nobis</span> <span class='ocrx_word' id='word_1_48' title='bbox 936 1367 1083 1438; x_wconf 90' lang='lat' dir='ltr'>licet</span> <span class='ocrx_word' id='word_1_49' title='bbox 1100 1414 1127 1451; x_wconf 91' lang='lat'>‚</span> <span class='ocrx_word' id='word_1_50' title='bbox 1173 1386 1335 1455; x_wconf 83' lang='lat' dir='ltr'>quae</span> <span class='ocrx_word' id='word_1_51' title='bbox 1373 1368 1463 1435; x_wconf 87' lang='lat' dir='ltr'>sit</span> <span class='ocrx_word' id='word_1_52' title='bbox 1523 1366 1866 1435; x_wconf 84' lang='lat' dir='ltr'>secundum</span> <span class='ocrx_word' id='word_1_53' title='bbox 1900 1366 2222 1434; x_wconf 76' lang='lat' dir='ltr'>Platonem</span> <span class='ocrx_word' id='word_1_54' title='bbox 2261 1365 2564 1451; x_wconf 82' lang='lat' dir='ltr'>eloquen-</span> 
     </span>
     <span class='ocr_line' id='line_1_9' title="bbox 699 1482 2572 1572; baseline -0.002 -18"><span class='ocrx_word' id='word_1_55' title='bbox 699 1483 789 1553; x_wconf 69' lang='lat' dir='ltr'>tia</span> <span class='ocrx_word' id='word_1_56' title='bbox 840 1503 1030 1570; x_wconf 71' lang='lat' dir='ltr'>vera,</span> <span class='ocrx_word' id='word_1_57' title='bbox 1075 1504 1241 1570; x_wconf 83' lang='lat' dir='ltr'>quae</span> <span class='ocrx_word' id='word_1_58' title='bbox 1272 1483 1450 1572; x_wconf 82' lang='lat' dir='ltr'>justa&#39;</span> <span class='ocrx_word' id='word_1_59' title='bbox 1489 1483 1804 1551; x_wconf 86' lang='lat' dir='ltr'>scribendi</span> <span class='ocrx_word' id='word_1_60' title='bbox 1849 1482 2051 1565; x_wconf 77' lang='lat' dir='ltr'>ratic,</span> <span class='ocrx_word' id='word_1_61' title='bbox 2094 1483 2420 1551; x_wconf 86' lang='lat' dir='ltr'>hominum</span> <span class='ocrx_word' id='word_1_62' title='bbox 2465 1499 2572 1571; x_wconf 60' lang='lat' dir='ltr'>goi</span> 
     </span>
     <span class='ocr_line' id='line_1_10' title="bbox 700 1595 2570 1682; baseline -0.001 -13"><span class='ocrx_word' id='word_1_63' title='bbox 700 1602 839 1669; x_wconf 83' lang='lat' dir='ltr'>neri</span> <span class='ocrx_word' id='word_1_64' title='bbox 892 1601 1260 1669; x_wconf 76' lang='lat' dir='ltr'>fructuosa:</span> <span class='ocrx_word' id='word_1_65' title='bbox 1322 1601 1669 1670; x_wconf 75' lang='lat' dir='ltr'><strong>ducendam</strong></span> <span class='ocrx_word' id='word_1_66' title='bbox 1711 1598 1876 1667; x_wconf 89' lang='lat' dir='ltr'>enim</span> <span class='ocrx_word' id='word_1_67' title='bbox 1933 1614 2268 1682; x_wconf 79' lang='lat' dir='ltr'>utramque</span> <span class='ocrx_word' id='word_1_68' title='bbox 2315 1619 2397 1667; x_wconf 86' lang='lat' dir='ltr'>ex</span> <span class='ocrx_word' id='word_1_69' title='bbox 2451 1595 2570 1668; x_wconf 74' lang='lat' dir='ltr'>iis-</span> 
     </span>
     <span class='ocr_line' id='line_1_11' title="bbox 696 1715 2571 1816; baseline 0.001 -32"><span class='ocrx_word' id='word_1_70' title='bbox 696 1715 839 1784; x_wconf 83' lang='lat' dir='ltr'>dem</span> <span class='ocrx_word' id='word_1_71' title='bbox 881 1734 1035 1816; x_wconf 35' lang='lat' dir='ltr'>oese.</span> <span class='ocrx_word' id='word_1_72' title='bbox 1075 1715 1430 1783; x_wconf 76' lang='lat' dir='ltr'>Socraticae</span> <span class='ocrx_word' id='word_1_73' title='bbox 1493 1715 1866 1800; x_wconf 82' lang='lat' dir='ltr'>disciplinae</span> <span class='ocrx_word' id='word_1_74' title='bbox 1905 1717 2272 1802; x_wconf 73' lang='lat' dir='ltr'>principiiS,</span> <span class='ocrx_word' id='word_1_75' title='bbox 2337 1717 2571 1786; x_wconf 87' lang='lat' dir='ltr'>intelli·</span> 
     </span>
     <span class='ocr_line' id='line_1_12' title="bbox 698 1832 2576 1922; baseline -0.001 -19"><span class='ocrx_word' id='word_1_76' title='bbox 698 1834 906 1922; x_wconf 80' lang='lat' dir='ltr'>gimus</span> <span class='ocrx_word' id='word_1_77' title='bbox 948 1832 1157 1903; x_wconf 79' lang='lat' dir='ltr'>facile.</span> <span class='ocrx_word' id='word_1_78' title='bbox 1270 1833 1396 1901; x_wconf 76' lang='lat' dir='ltr'>Sed</span> <span class='ocrx_word' id='word_1_79' title='bbox 1427 1851 1511 1901; x_wconf 86' lang='lat' dir='ltr'>eo</span> <span class='ocrx_word' id='word_1_80' title='bbox 1574 1835 1942 1919; x_wconf 86' lang='lat' dir='ltr'>priusquam</span> <span class='ocrx_word' id='word_1_81' title='bbox 1985 1835 2394 1919; x_wconf 57' lang='lat' dir='ltr'>progr-odiam</span> <span class='ocrx_word' id='word_1_82' title='bbox 2469 1851 2576 1902; x_wconf 85' lang='lat' dir='ltr'>re-·</span> 
     </span>
     <span class='ocr_line' id='line_1_13' title="bbox 701 1950 2572 2039; baseline -0.001 -21"><span class='ocrx_word' id='word_1_83' title='bbox 701 1951 947 2039; x_wconf 75' lang='lat' dir='ltr'>spicere</span> <span class='ocrx_word' id='word_1_84' title='bbox 978 1954 1161 2039; x_wconf 76' lang='lat' dir='ltr'>juvat</span> <span class='ocrx_word' id='word_1_85' title='bbox 1214 1952 1281 2018; x_wconf 90' lang='lat' dir='ltr'>in</span> <span class='ocrx_word' id='word_1_86' title='bbox 1339 1951 1564 2018; x_wconf 88' lang='lat' dir='ltr'>durum</span> <span class='ocrx_word' id='word_1_87' title='bbox 1609 1950 1784 2016; x_wconf 87' lang='lat' dir='ltr'>istud</span> <span class='ocrx_word' id='word_1_88' title='bbox 1825 1964 1890 2017; x_wconf 87' lang='lat' dir='ltr'>et</span> <span class='ocrx_word' id='word_1_89' title='bbox 1936 1952 2196 2034; x_wconf 66' lang='grc' dir='ltr'><strong><em>ἄμουσον</em></strong></span> <span class='ocrx_word' id='word_1_90' title='bbox 2239 1951 2572 2017; x_wconf 83' lang='lat' dir='ltr'>hominum</span> 
     </span>
     <span class='ocr_line' id='line_1_14' title="bbox 698 2064 2571 2155; baseline -0.002 -18"><span class='ocrx_word' id='word_1_91' title='bbox 698 2086 897 2155; x_wconf 77' lang='lat' dir='ltr'>genus</span> <span class='ocrx_word' id='word_1_92' title='bbox 919 2114 945 2150; x_wconf 91' lang='lat'><strong>,</strong></span> <span class='ocrx_word' id='word_1_93' title='bbox 990 2068 1099 2150; x_wconf 90' lang='lat' dir='ltr'>qui</span> <span class='ocrx_word' id='word_1_94' title='bbox 1143 2066 1642 2152; x_wconf 82' lang='lat' dir='ltr'>ingredientibus</span> <span class='ocrx_word' id='word_1_95' title='bbox 1694 2064 1885 2132; x_wconf 89' lang='lat' dir='ltr'>nobis</span> <span class='ocrx_word' id='word_1_96' title='bbox 1925 2066 2045 2130; x_wconf 92' lang='lat' dir='ltr'>hoc</span> <span class='ocrx_word' id='word_1_97' title='bbox 2096 2065 2218 2130; x_wconf 88' lang='lat' dir='ltr'>iter</span> <span class='ocrx_word' id='word_1_98' title='bbox 2257 2065 2364 2131; x_wconf 86' lang='lat' dir='ltr'>ad·</span> <span class='ocrx_word' id='word_1_99' title='bbox 2397 2065 2571 2134; x_wconf 75' lang='lat' dir='ltr'>veri-</span> 
     </span>
     <span class='ocr_line' id='line_1_15' title="bbox 697 2180 2573 2269; baseline -0.001 -18"><span class='ocrx_word' id='word_1_100' title='bbox 697 2198 888 2252; x_wconf 80' lang='lat' dir='ltr'>tatem</span> <span class='ocrx_word' id='word_1_101' title='bbox 909 2232 934 2267; x_wconf 89' lang='lat'>‚</span> <span class='ocrx_word' id='word_1_102' title='bbox 976 2184 1185 2269; x_wconf 90' lang='lat' dir='ltr'>ipsum</span> <span class='ocrx_word' id='word_1_103' title='bbox 1224 2181 1461 2250; x_wconf 87' lang='lat' dir='ltr'>aditum</span> <span class='ocrx_word' id='word_1_104' title='bbox 1506 2183 1838 2249; x_wconf 86' lang='lat' dir='ltr'>occludere</span> <span class='ocrx_word' id='word_1_105' title='bbox 1904 2180 2319 2248; x_wconf 76' lang='lat' dir='ltr'>conabantur.</span> <span class='ocrx_word' id='word_1_106' title='bbox 2413 2183 2573 2250; x_wconf 80' lang='lat' dir='ltr'>Cla-</span> 
     </span>
     <span class='ocr_line' id='line_1_16' title="bbox 700 2275 2572 2381; baseline -0.001 -12"><span class='ocrx_word' id='word_1_107' title='bbox 700 2300 1001 2369; x_wconf 77' lang='lat' dir='ltr'>mitabant</span> <span class='ocrx_word' id='word_1_108' title='bbox 1058 2298 1165 2368; x_wconf 89' lang='lat' dir='ltr'>isti</span> <span class='ocrx_word' id='word_1_109' title='bbox 1188 2346 1214 2381; x_wconf 88' lang='lat'>‚</span> <span class='ocrx_word' id='word_1_110' title='bbox 1294 2318 1412 2367; x_wconf 83' lang='lat' dir='ltr'>nec</span> <span class='ocrx_word' id='word_1_111' title='bbox 1469 2275 1800 2366; x_wconf 73' lang='lat' dir='ltr'>veritatem</span> <span class='ocrx_word' id='word_1_112' title='bbox 1886 2315 2028 2366; x_wconf 61' lang='lat' dir='ltr'>esse</span> <span class='ocrx_word' id='word_1_113' title='bbox 2098 2316 2216 2365; x_wconf 88' lang='lat' dir='ltr'>nec</span> <span class='ocrx_word' id='word_1_114' title='bbox 2276 2297 2572 2368; x_wconf 79' lang='lat' dir='ltr'>veritatis</span> 
     </span>
     <span class='ocr_line' id='line_1_17' title="bbox 699 2391 2575 2503; baseline 0.001 -19"><span class='ocrx_word' id='word_1_115' title='bbox 699 2435 1019 2485; x_wconf 71' lang='lat' dir='ltr'>amoremz</span> <span class='ocrx_word' id='word_1_116' title='bbox 1086 2391 1495 2503; x_wconf 71' lang='lat' dir='ltr'>opinionibus</span> <span class='ocrx_word' id='word_1_117' title='bbox 1537 2434 1660 2482; x_wconf 90' lang='lat' dir='ltr'>nos</span> <span class='ocrx_word' id='word_1_118' title='bbox 1726 2414 1875 2482; x_wconf 86' lang='lat' dir='ltr'>duci</span> <span class='ocrx_word' id='word_1_119' title='bbox 1931 2428 1997 2482; x_wconf 87' lang='lat' dir='ltr'>et</span> <span class='ocrx_word' id='word_1_120' title='bbox 2046 2415 2259 2482; x_wconf 79' lang='lat' dir='ltr'>studio</span> <span class='ocrx_word' id='word_1_121' title='bbox 2316 2415 2575 2500; x_wconf 85' lang='lat' dir='ltr'>opinio-</span> 
     </span>
     <span class='ocr_line' id='line_1_18' title="bbox 702 2530 2577 2618; baseline 0.001 -17"><span class='ocrx_word' id='word_1_122' title='bbox 702 2552 855 2601; x_wconf 87' lang='lat' dir='ltr'>num</span> <span class='ocrx_word' id='word_1_123' title='bbox 877 2581 903 2617; x_wconf 86' lang='lat'>,</span> <span class='ocrx_word' id='word_1_124' title='bbox 947 2552 1105 2618; x_wconf 76' lang='lat' dir='ltr'>quas</span> <span class='ocrx_word' id='word_1_125' title='bbox 1165 2531 1280 2618; x_wconf 84' lang='lat' dir='ltr'>qui</span> <span class='ocrx_word' id='word_1_126' title='bbox 1347 2530 1868 2615; x_wconf 83' lang='lat' dir='ltr'>eloquentissime</span> <span class='ocrx_word' id='word_1_127' title='bbox 1923 2545 1988 2600; x_wconf 89' lang='lat' dir='ltr'>et</span> <span class='ocrx_word' id='word_1_128' title='bbox 2048 2533 2444 2601; x_wconf 88' lang='lat' dir='ltr'>multitudini</span> <span class='ocrx_word' id='word_1_129' title='bbox 2510 2549 2577 2603; x_wconf 87' lang='lat' dir='ltr'>et</span> 
     </span>
     <span class='ocr_line' id='line_1_19' title="bbox 698 2639 2692 2739; baseline 0.001 -21"><span class='ocrx_word' id='word_1_130' title='bbox 698 2650 1025 2739; x_wconf 78' lang='lat' dir='ltr'>juventuti</span> <span class='ocrx_word' id='word_1_131' title='bbox 1074 2664 1462 2736; x_wconf 84' lang='lat' dir='ltr'>proponeret</span> <span class='ocrx_word' id='word_1_132' title='bbox 1487 2696 1513 2731; x_wconf 87' lang='lat'>‚</span> <span class='ocrx_word' id='word_1_133' title='bbox 1605 2650 1776 2716; x_wconf 86' lang='lat' dir='ltr'>hunc</span> <span class='ocrx_word' id='word_1_134' title='bbox 1861 2650 1939 2717; x_wconf 91' lang='lat' dir='ltr'>de</span> <span class='ocrx_word' id='word_1_135' title='bbox 2004 2662 2269 2733; x_wconf 86' lang='lat' dir='ltr'>utraque</span> <span class='ocrx_word' id='word_1_136' title='bbox 2332 2653 2575 2737; x_wconf 86' lang='lat' dir='ltr'>optime</span> <span class='ocrx_word' id='word_1_137' title='bbox 2683 2639 2692 2648; x_wconf 74' lang='grc'><strong>’</strong></span> 
     </span>
     <span class='ocr_line' id='line_1_20' title="bbox 708 2766 2580 2838; baseline 0.002 -2"><span class='ocrx_word' id='word_1_138' title='bbox 708 2770 956 2838; x_wconf 87' lang='lat' dir='ltr'>mereri.</span> <span class='ocrx_word' id='word_1_139' title='bbox 1043 2769 1190 2836; x_wconf 82' lang='lat' dir='ltr'>Nos</span> <span class='ocrx_word' id='word_1_140' title='bbox 1251 2787 1406 2836; x_wconf 85' lang='lat' dir='ltr'>vero</span> <span class='ocrx_word' id='word_1_141' title='bbox 1458 2767 1626 2835; x_wconf 84' lang='lat' dir='ltr'>haud</span> <span class='ocrx_word' id='word_1_142' title='bbox 1683 2766 1907 2835; x_wconf 81' lang='lat' dir='ltr'>morati</span> <span class='ocrx_word' id='word_1_143' title='bbox 1938 2767 2189 2835; x_wconf 89' lang='lat' dir='ltr'>illorum</span> <span class='ocrx_word' id='word_1_144' title='bbox 2229 2769 2580 2838; x_wconf 86' lang='lat' dir='ltr'>cavillatio·</span> 
     </span>
     <span class='ocr_line' id='line_1_21' title="bbox 706 2882 2578 2970; baseline -0.001 -12"><span class='ocrx_word' id='word_1_145' title='bbox 706 2904 823 2958; x_wconf 75' lang='lat' dir='ltr'>nes</span> <span class='ocrx_word' id='word_1_146' title='bbox 839 2933 866 2969; x_wconf 84' lang='lat'>,</span> <span class='ocrx_word' id='word_1_147' title='bbox 908 2886 1028 2954; x_wconf 89' lang='lat' dir='ltr'>iter</span> <span class='ocrx_word' id='word_1_148' title='bbox 1079 2898 1372 2951; x_wconf 90' lang='lat' dir='ltr'>nostrum</span> <span class='ocrx_word' id='word_1_149' title='bbox 1431 2882 1676 2966; x_wconf 78' lang='lat' dir='ltr'>placide</span> <span class='ocrx_word' id='word_1_150' title='bbox 1715 2898 2208 2969; x_wconf 82' lang='lat' dir='ltr'>constanterque</span> <span class='ocrx_word' id='word_1_151' title='bbox 2255 2890 2578 2970; x_wconf 88' lang='lat' dir='ltr'>persecuti</span> 
     </span>
     <span class='ocr_line' id='line_1_22' title="bbox 704 3000 2578 3086; baseline 0 -13"><span class='ocrx_word' id='word_1_152' title='bbox 704 3021 928 3072; x_wconf 83' lang='lat' dir='ltr'>sumus</span> <span class='ocrx_word' id='word_1_153' title='bbox 952 3047 978 3083; x_wconf 88' lang='lat'><strong>,</strong></span> <span class='ocrx_word' id='word_1_154' title='bbox 1020 3013 1086 3067; x_wconf 91' lang='lat' dir='ltr'>et</span> <span class='ocrx_word' id='word_1_155' title='bbox 1136 3000 1261 3065; x_wconf 85' lang='lat' dir='ltr'>huc</span> <span class='ocrx_word' id='word_1_156' title='bbox 1301 3001 1428 3085; x_wconf 86' lang='lat' dir='ltr'>jam</span> <span class='ocrx_word' id='word_1_157' title='bbox 1457 3001 1831 3086; x_wconf 81' lang='lat' dir='ltr'>progressi,</span> <span class='ocrx_word' id='word_1_158' title='bbox 1878 3001 2033 3086; x_wconf 89' lang='lat' dir='ltr'>quid</span> <span class='ocrx_word' id='word_1_159' title='bbox 2068 3002 2147 3070; x_wconf 92' lang='lat' dir='ltr'>de</span> <span class='ocrx_word' id='word_1_160' title='bbox 2183 3001 2455 3073; x_wconf 64' lang='lat' dir='ltr'>scientia</span> <span class='ocrx_word' id='word_1_161' title='bbox 2509 3018 2578 3073; x_wconf 83' lang='lat' dir='ltr'>et</span> 
     </span>
     <span class='ocr_line' id='line_1_23' title="bbox 704 3115 2576 3204; baseline 0.003 -20"><span class='ocrx_word' id='word_1_162' title='bbox 704 3116 1010 3204; x_wconf 91' lang='lat' dir='ltr'>opinione</span> <span class='ocrx_word' id='word_1_163' title='bbox 1034 3163 1060 3200; x_wconf 92' lang='lat'><strong>,</strong></span> <span class='ocrx_word' id='word_1_164' title='bbox 1124 3115 1280 3200; x_wconf 88' lang='lat' dir='ltr'>quid</span> <span class='ocrx_word' id='word_1_165' title='bbox 1356 3116 1438 3184; x_wconf 91' lang='lat' dir='ltr'>de</span> <span class='ocrx_word' id='word_1_166' title='bbox 1488 3116 1871 3204; x_wconf 82' lang='lat' dir='ltr'>Protagorae</span> <span class='ocrx_word' id='word_1_167' title='bbox 1923 3118 2113 3187; x_wconf 82' lang='lat' dir='ltr'>effato</span> <span class='ocrx_word' id='word_1_168' title='bbox 2136 3167 2162 3202; x_wconf 89' lang='lat'>‚</span> <span class='ocrx_word' id='word_1_169' title='bbox 2216 3138 2576 3190; x_wconf 82' lang='lat' dir='ltr'>mensuram</span> 
     </span>
     <span class='ocr_line' id='line_1_24' title="bbox 703 3233 2577 3323; baseline 0.002 -20"><span class='ocrx_word' id='word_1_170' title='bbox 703 3233 987 3303; x_wconf 89' lang='lat' dir='ltr'>omnium</span> <span class='ocrx_word' id='word_1_171' title='bbox 1030 3251 1239 3301; x_wconf 90' lang='lat' dir='ltr'>rerum</span> <span class='ocrx_word' id='word_1_172' title='bbox 1299 3233 1619 3302; x_wconf 86' lang='lat' dir='ltr'>hominem</span> <span class='ocrx_word' id='word_1_173' title='bbox 1683 3253 1867 3318; x_wconf 82' lang='lat' dir='ltr'>esse,</span> <span class='ocrx_word' id='word_1_174' title='bbox 1910 3236 2377 3305; x_wconf 76' lang='lat' dir='ltr'>existimandum</span> <span class='ocrx_word' id='word_1_175' title='bbox 2439 3238 2577 3323; x_wconf 84' lang='lat' dir='ltr'>sit,</span> 
     </span>
     <span class='ocr_line' id='line_1_25' title="bbox 702 3349 2581 3438; baseline -0.002 -12"><span class='ocrx_word' id='word_1_176' title='bbox 702 3355 988 3426; x_wconf 86' lang='lat' dir='ltr'>nondum</span> <span class='ocrx_word' id='word_1_177' title='bbox 1052 3349 1517 3438; x_wconf 87' lang='lat' dir='ltr'>perspicimus;</span> <span class='ocrx_word' id='word_1_178' title='bbox 1564 3351 1679 3419; x_wconf 84' lang='lat' dir='ltr'>sed</span> <span class='ocrx_word' id='word_1_179' title='bbox 1736 3353 1861 3420; x_wconf 92' lang='lat' dir='ltr'>hoc</span> <span class='ocrx_word' id='word_1_180' title='bbox 1917 3367 1980 3419; x_wconf 91' lang='lat' dir='ltr'>et</span> <span class='ocrx_word' id='word_1_181' title='bbox 2042 3352 2465 3437; x_wconf 85' lang='lat' dir='ltr'>perspicimus</span> <span class='ocrx_word' id='word_1_182' title='bbox 2503 3369 2581 3428; x_wconf 75' lang='lat' dir='ltr'>et</span> 
     </span>
     <span class='ocr_line' id='line_1_26' title="bbox 704 3470 2580 3556; baseline 0.002 -15"><span class='ocrx_word' id='word_1_183' title='bbox 704 3471 931 3546; x_wconf 84' lang='lat' dir='ltr'>intimo</span> <span class='ocrx_word' id='word_1_184' title='bbox 977 3470 1183 3539; x_wconf 83' lang='lat' dir='ltr'>animo</span> <span class='ocrx_word' id='word_1_185' title='bbox 1241 3470 1752 3556; x_wconf 85' lang='lat' dir='ltr'>persentiscimus</span> <span class='ocrx_word' id='word_1_186' title='bbox 1778 3518 1805 3554; x_wconf 85' lang='lat'>,</span> <span class='ocrx_word' id='word_1_187' title='bbox 1885 3488 2031 3539; x_wconf 61' lang='lat' dir='ltr'>ease</span> <span class='ocrx_word' id='word_1_188' title='bbox 2096 3470 2290 3539; x_wconf 87' lang='lat' dir='ltr'>nobis</span> <span class='ocrx_word' id='word_1_189' title='bbox 2346 3478 2580 3543; x_wconf 71' lang='lat' dir='ltr'>natura</span> 
     </span>
     <span class='ocr_line' id='line_1_27' title="bbox 705 3587 2583 3680; baseline -0.002 -22"><span class='ocrx_word' id='word_1_190' title='bbox 705 3590 980 3661; x_wconf 90' lang='lat' dir='ltr'>inditum</span> <span class='ocrx_word' id='word_1_191' title='bbox 1034 3587 1308 3658; x_wconf 87' lang='lat' dir='ltr'>veritatis</span> <span class='ocrx_word' id='word_1_192' title='bbox 1368 3606 1679 3656; x_wconf 74' lang='lat' dir='ltr'>amoremt</span> <span class='ocrx_word' id='word_1_193' title='bbox 1742 3602 1809 3656; x_wconf 87' lang='lat' dir='ltr'>et</span> <span class='ocrx_word' id='word_1_194' title='bbox 1873 3587 2159 3672; x_wconf 80' lang='lat' dir='ltr'>quamvis</span> <span class='ocrx_word' id='word_1_195' title='bbox 2206 3588 2292 3655; x_wconf 88' lang='lat' dir='ltr'>sit</span> <span class='ocrx_word' id='word_1_196' title='bbox 2352 3611 2583 3680; x_wconf 77' lang='lat' dir='ltr'>magna</span> 
     </span>
     <span class='ocr_line' id='line_1_28' title="bbox 704 3705 2598 3790; baseline 0.003 -17"><span class='ocrx_word' id='word_1_197' title='bbox 704 3705 771 3773; x_wconf 78' lang='lat' dir='ltr'>&#39;et</span> <span class='ocrx_word' id='word_1_198' title='bbox 826 3707 1133 3789; x_wconf 85' lang='lat' dir='ltr'>praeclara</span> <span class='ocrx_word' id='word_1_199' title='bbox 1182 3724 1326 3772; x_wconf 90' lang='lat' dir='ltr'>cum</span> <span class='ocrx_word' id='word_1_200' title='bbox 1374 3706 1730 3790; x_wconf 88' lang='lat' dir='ltr'>eloquentia</span> <span class='ocrx_word' id='word_1_201' title='bbox 1789 3705 2059 3774; x_wconf 85' lang='lat' dir='ltr'>istorum</span> <span class='ocrx_word' id='word_1_202' title='bbox 2086 3755 2110 3789; x_wconf 89' lang='lat'><strong>,</strong></span> <span class='ocrx_word' id='word_1_203' title='bbox 2173 3722 2309 3775; x_wconf 90' lang='lat' dir='ltr'>tum</span> <span class='ocrx_word' id='word_1_204' title='bbox 2376 3710 2598 3780; x_wconf 85' lang='lat' dir='ltr'>disse·-</span> 
     </span>
     <span class='ocr_line' id='line_1_29' title="bbox 706 3821 2575 3905; baseline 0 -15"><span class='ocrx_word' id='word_1_205' title='bbox 706 3821 883 3890; x_wconf 88' lang='lat' dir='ltr'>rcndi</span> <span class='ocrx_word' id='word_1_206' title='bbox 915 3821 1275 3905; x_wconf 86' lang='lat' dir='ltr'>subtilitas,</span> <span class='ocrx_word' id='word_1_207' title='bbox 1321 3822 1444 3890; x_wconf 89' lang='lat' dir='ltr'>nisi</span> <span class='ocrx_word' id='word_1_208' title='bbox 1485 3823 1652 3890; x_wconf 85' lang='lat' dir='ltr'>hunc</span> <span class='ocrx_word' id='word_1_209' title='bbox 1685 3821 1959 3891; x_wconf 81' lang='lat' dir='ltr'>excitent</span> <span class='ocrx_word' id='word_1_210' title='bbox 2015 3824 2084 3891; x_wconf 92' lang='lat' dir='ltr'>in</span> <span class='ocrx_word' id='word_1_211' title='bbox 2132 3826 2355 3895; x_wconf 83' lang='lat' dir='ltr'>animis</span> <span class='ocrx_word' id='word_1_212' title='bbox 2399 3843 2575 3892; x_wconf 86' lang='lat' dir='ltr'>amo·</span> 
     </span>
     <span class='ocr_line' id='line_1_30' title="bbox 705 3939 2570 4027; baseline 0.001 -21"><span class='ocrx_word' id='word_1_213' title='bbox 705 3954 883 4024; x_wconf 74' lang='lat' dir='ltr'>rem,</span> <span class='ocrx_word' id='word_1_214' title='bbox 926 3939 1020 4006; x_wconf 83' lang='lat' dir='ltr'>sic</span> <span class='ocrx_word' id='word_1_215' title='bbox 1046 3941 1316 4024; x_wconf 81' lang='lat' dir='ltr'>juvenes</span> <span class='ocrx_word' id='word_1_216' title='bbox 1370 3940 1686 4026; x_wconf 78' lang='lat' dir='ltr'>efficiant,</span> <span class='ocrx_word' id='word_1_217' title='bbox 1725 3955 1800 4010; x_wconf 89' lang='lat' dir='ltr'>ut</span> <span class='ocrx_word' id='word_1_218' title='bbox 1847 3962 1965 4012; x_wconf 82' lang='lat' dir='ltr'>sua</span> <span class='ocrx_word' id='word_1_219' title='bbox 2017 3958 2251 4027; x_wconf 84' lang='lat' dir='ltr'>sponte</span> <span class='ocrx_word' id='word_1_220' title='bbox 2303 3960 2570 4027; x_wconf 85' lang='lat' dir='ltr'>progre-</span> 
     </span>
     <span class='ocr_line' id='line_1_31' title="bbox 716 4050 2564 4144; baseline 0.001 -22"><span class='ocrx_word' id='word_1_221' title='bbox 716 4050 1024 4138; x_wconf 83' lang='lat' dir='ltr'>diantur,</span> <span class='ocrx_word' id='word_1_222' title='bbox 1105 4071 1326 4126; x_wconf 79' lang='lat' dir='ltr'>vanam</span> <span class='ocrx_word' id='word_1_223' title='bbox 1405 4057 1570 4126; x_wconf 81' lang='lat' dir='ltr'>illam</span> <span class='ocrx_word' id='word_1_224' title='bbox 1651 4075 1794 4130; x_wconf 85' lang='lat' dir='ltr'>esse</span> <span class='ocrx_word' id='word_1_225' title='bbox 1888 4073 1953 4128; x_wconf 90' lang='lat' dir='ltr'>et</span> <span class='ocrx_word' id='word_1_226' title='bbox 2015 4073 2564 4144; x_wconf 67' lang='lat' dir='ltr'>supervacaneam,</span> 
     </span>
    </p>

    <p class='ocr_par' dir='ltr' id='par_1_3' title="bbox 2458 4174 2566 4244">
     <span class='ocr_line' id='line_1_32' title="bbox 2458 4174 2566 4244; baseline 0 -15"><span class='ocrx_word' id='word_1_227' title='bbox 2458 4174 2566 4244; x_wconf 82' lang='lat' dir='ltr'>ln·</span> 
     </span>
    </p>
   </div>
  </div>
 </body>
</html>
