2792 5167
816 960 1567 1063 ssPtLocus

342 1515 649 1619 Pet-duxi
684 1550 760 1616 ad
800 1547 989 1629 'finem
1043 1550 1359 1633 negotium
1384 1595 1410 1630 ‚
1468 1551 1575 1616 cui
1618 1549 1977 1633 peragendo
2023 1530 2156 1619 to?

244 1682 388 1734 tam
429 1661 625 1732 ferme
665 1665 853 1732 uitam
900 1664 1200 1746 impendi.
1266 1663 1405 1731 Nec
1446 1679 1648 1733 tamen
1684 1662 1739 1730 is
1778 1681 1900 1749 ego
1935 1682 2124 1747 sum,

246 1785 379 1868 qui
402 1784 541 1865 sic,
582 1803 679 1851 me
710 1798 969 1850 auctore
992 1830 1017 1865 ‚
1060 1802 1188 1850 rem
1226 1786 1407 1867 plane
1444 1782 1789 1851 confectam
1837 1783 2126 1853 arbitrer.

260 1900 607 1969 Habebunt
645 1901 878 1986 posteri
902 1948 926 1982 ‚
978 1920 1137 1984 quae
1176 1903 1291 1966 vel*
1316 1901 1632 1984 corrigant
1678 1900 1741 1967 in
1780 1901 1992 1995 hisce,
2027 1901 2131 1969 vel

256 2021 594 2103 suppleant
618 2065 643 2101 ,
688 2022 1019 2102 permulta.
1107 2018 1232 2085 Sed
1282 2037 1411 2101 quo
1459 2017 1523 2109 id
1563 2017 1795 2097 rectius
1831 2031 2016 2101 agant
2052 2035 2126 2083 ae

254 2134 543 2204 Platonis
599 2135 930 2220 aliquando
998 2135 1464 2221 philosophiam
1545 2152 1807 2220 prorsus
1867 2136 1931 2203 in
1985 2136 2130 2204 luce

264 2267 504 2334 ponant
524 2298 548 2333 ‚
594 2251 810 2318 critica
850 2252 1195 2319 adhibenda
1228 2254 1585 2343 pIu‘losopha
1624 2254 1918 2335 quaedam
1958 2253 2078 2321 erit
2106 2298 2133 2336 ‚

268 2385 343 2435 ut
396 2369 491 2443 ab,
530 2368 850 2435 erroribus
873 2415 898 2451 ,
955 2369 1191 2452 quibus
1232 2370 1391 2453 lapsi
1434 2370 1824 2453 superiorum
1861 2385 2130 2437 aetatum

266 2487 635 2568 interpretes
685 2503 835 2553 sunt
860 2532 881 2567 ‚
935 2502 1217 2553 caveant.
1302 2488 1614 2569 Equidem
1637 2539 1659 2564 ‚
1715 2487 1772 2555 si
1830 2487 2133 2571 proficere

266 2604 417 2688 quis
452 2604 618 2672 forte
659 2625 693 2670 e
733 2624 873 2700 meo
919 2607 1205 2690 exemplo
1249 2606 1401 2670 velit
1426 2650 1451 2686 ,
1491 2604 1829 2670 cavendum
1874 2602 2137 2689 potissi-

267 2741 440 2788 mum
477 2722 554 2790 ab
597 2723 698 2789 his
735 2724 993 2789 censui:
1036 2723 1303 2806 primum
1329 2769 1353 2802 ,
1389 2739 1470 2787 ne
1502 2719 1850 2788 doctrinam
1891 2737 2134 2806 specta-

266 2856 403 2909 rem
445 2840 721 2908 Platonis
740 2887 765 2922 ,
800 2843 1086 2923 formam
1144 2838 1554 2923 negligerem:
1626 2839 1920 2904 traderem
1953 2837 2133 2919 dog-

269 2972 434 3025 mata
472 2942 876 3040 philosophi,
908 2957 1097 3038 quasi
1128 2960 1350 3021 'essent
1390 2957 1540 3022 haec
1579 2954 1822 3038 singula
1860 2943 2133 3038 singula-⁴

271 3074 383 3140 tim
428 3073 506 3141 ab
546 3090 800 3141 auctore
842 3074 1003 3141 libro
1048 3076 1312 3156 quodam
1362 3072 1790 3157 metaphysico
1836 3071 2134 3155 condita,

271 3209 405 3259 non
440 3194 808 3259 attenderem
848 3191 1120 3275 dialogi,
1175 3192 1300 3277 imo
1358 3192 1733 3258 Socraticam
1787 3190 2084 3258 rationem
2108 3235 2134 3271 ‚

276 3329 402 3393 qua
462 3328 617 3377 usus
677 3310 826 3389 ille,
885 3310 1372 3393 interrogando,
1444 3308 1861 3391 inquirendo,
1916 3306 2140 3373 distin·

276 3426 563 3511 gumein,
620 3426 1033 3493 admirabilem
1092 3427 1158 3495 in
1216 3428 1466 3492 modum
1514 3424 1848 3491 illustravit
1889 3424 2135 3493 omnia:

278 3561 463 3629 quam
500 3541 609 3626 qui
646 3544 1094 3624 neglexerunt,
1143 3543 1457 3609 Platonem
1513 3542 1698 3609 nobis
1744 3522 2138 3623 ferejnon,

279 3676 351 3725 ut
411 3662 619 3743 lumen
682 3660 1158 3744 philosophiae,
1235 3662 1348 3726 sed
1425 3675 1736 3741 tamquam
1791 3660 1868 3725 de
1926 3659 2144 3727 schola

276 3777 729 3861 philosophum
768 3778 1082 3862 aliquem,
1132 3793 1628 3861 proposuerunt.
1733 3776 2017 3856 Deinde,
2062 3792 2143 3841 ne

272 3894 607 3965 dividerem
651 3895 717 3961 in
750 3913 954 3979 partes
997 3911 1059 3960 et
1099 3895 1291 3960 veluti
1335 3895 1698 3962 dissecarent
1747 3894 2148 3979 philosophiq
2233 3974 2238 3981 ‚

282 4030 378 4077 am
424 4008 702 4079 Platonis
732 4061 753 4092 ‚
798 4032 867 4076 ac
910 4012 966 4076 si
1011 4012 1630 4087 continereturhaec
1665 4009 1927 4098 physica
1939 4058 1963 4092 ,
2003 4008 2147 4077 dia·

1169 4110 1181 4134 ⁰
2026 4127 2145 4190 lec·
