2792 5167
1410 444 1762 521 ..7⁶-

639 622 1126 708 peditissimum.
1230 621 1566 688 Caeterum
1617 621 1698 686 de
1757 621 2030 704 pristino
2090 619 2280 687 animi
2341 633 2504 687 statu

639 757 703 806 et
756 738 1229 823 migrationibus
1292 738 1358 806 in
1411 737 1528 804 alia
1592 737 1889 821 deinceps
1940 753 2003 806 et
2041 738 2160 804 alia
2197 757 2507 820 corpora,

636 859 803 926 haud
843 855 1280 940 disquisivisse
1324 855 1579 921 videtur
1637 856 1961 923 subtilius.
2049 858 2349 924 Alienum
2389 856 2510 922 hoc

634 992 763 1043 erat
817 976 894 1041 ab
955 974 1185 1056 insigni
1224 973 1328 1039 illa
1375 974 1498 1039 viri
1550 973 1617 1040 in
1659 974 2170 1059 philosophando
2214 973 2511 1058 simplici·

631 1109 779 1159 tate.
868 1089 1183 1177 Quaerere
1240 1091 1506 1156 malebat
1530 1138 1555 1172 ,
1621 1092 1778 1174 quii
1839 1093 2013 1173 pium
2078 1106 2289 1175 esset,
2355 1091 2514 1176 quid

630 1209 938 1293 impium,
983 1209 1138 1292 quid
1191 1212 1523 1293 pulcrum,
1569 1209 1724 1293 quid
1762 1225 1994 1295 turpe,
2040 1210 2195 1294 quid
2225 1214 2508 1296 justum,

631 1328 787 1412 quid
825 1326 1125 1412 injustum
1167 1327 1225 1368 (¹¹
1248 1374 1273 1409 ‚
1319 1347 1451 1414 quo
1495 1328 1726 1396 certius
1785 1327 2192 1412 semetipsum
2241 1343 2304 1393 et
2347 1326 2508 1394 alios

628 1445 1000 1511 emendaret.
1091 1443 1467 1512 Existimavi
1489 1493 1513 1527 ‚
1581 1446 1828 1511 dicebat
1848 1492 1874 1525 ,
1933 1452 2386 1533 φιλοσοφοῦντα
2424 1474 2507 1529 με

623 1569 743 1637 δεῖν
801 1569 905 1651 ζῇν
960 1566 1061 1634 xa)
1105 1567 1468 1651 ἐξετάζοντα
1508 1567 1767 1656 ἐμαυτὸν
1818 1565 1922 1633 καὶ
1963 1567 2100 1639 τοὺς
2142 1563 2395 1639 ἄλλους.
2442 1559 2506 1610 (·)

707 1681 855 1747 Alia
898 1679 1021 1746 fuit
1062 1680 1454 1763 Pythag·»rae
1497 1682 1685 1746 ratio.
1773 1679 2019 1746 Primus
2068 1679 2172 1745 hie
2217 1679 2509 1762 quidem,

622 1813 697 1864 ut
734 1811 875 1863 ante
916 1795 1395 1861 memoravimus
1422 1841 1446 1876 ,
1512 1797 1809 1884 sapientis
1864 1793 2082 1879 posuit
2099 1841 2125 1876 ,
2165 1796 2518 1884 philosophi

619 1912 918 1982 assumsit
982 1930 1256 1994 nomen,
1315 1931 1446 1997 quo
1522 1910 1974 1995 philosophum
2044 1931 2113 1977 se
2178 1918 2242 1979 et
2308 1909 2510 1980 Grae·

620 2049 767 2096 cum
810 2027 1103 2113 probavit
1161 2026 1396 2095 virum.
1491 2027 1617 2094 Sed
1679 2025 1952 2112 profecit
2018 2026 2182 2095 idem
2240 2031 2510 2101 multum

623 2167 702 2218 ex
756 2146 1078 2230 orientali,
1126 2145 1390 2220 maxime
1439 2144 1950 2230 Aegyptiorum,
1996 2146 2264 2214 ratione.
2352 2147 2509 2215 Non

619 2266 765 2347 ille,
809 2280 882 2330 ut
906 2265 1201 2331 Socrates
1222 2309 1247 2344 ,
1285 2260 1353 2327 in
1387 2261 1609 2328 mediis
1650 2261 2015 2328 versabatur
2047 2264 2300 2329 civibus
2322 2263 2457 2330 suis
2479 2312 2507 2348 ,

616 2397 930 2466 tamquam
978 2399 1139 2445 unus
1193 2397 1227 2442 e
1272 2378 1532 2461 multiS,
1578 2392 1890 2460 tamquam
1945 2379 2289 2446 destitutus
2352 2381 2505 2447 doc·

614 2498 824 2578 trina,
870 2511 942 2561 ut
981 2495 1058 2561 ab
1103 2493 1445 2574 omnibus,
1488 2512 1525 2560 a
1578 2492 1790 2576 pueris
1850 2496 2002 2561 adeo
2046 2513 2107 2562 et
2144 2497 2504 2565 adolescen-

609 2589 784 2680 tibus
829 2611 1118 2678 disceret.
1178 2609 1626 2693 Distinguebat
1664 2628 1733 2674 se
1769 2629 1804 2675 a
1839 2609 2099 2704 caeteris
2136 2629 2277 2678 cum
2306 2631 2502 2695 pecu-

603 2719 741 2799 liari
796 2727 1050 2798 vivendi
1095 2727 1327 2808 modo,
1385 2740 1519 2792 tum
1579 2727 1862 2810 vestitu,
1927 2747 2058 2810 quo
2112 2731 2499 2798 sacerdotem

605 2823 914 2919 referebat
950 2846 1382 2932 Aegyptium,
1426 2859 1563 2911 tum
1603 2843 1886 2912 doctrina
1933 2846 2199 2929 quadam
2234 2866 2500 2928 arcana,

613 2991 739 3054 qua
783 2969 980 3051 magis
1040 2967 1219 3036 etiam
1268 2981 1330 3032 et
1382 2964 1524 3031 aliis
1562 2963 1896 3030 videbatur
1938 2968 2236 3031 excellere
2278 2981 2340 3033 et
2372 2967 2500 3038 Ae-

608 3085 865 3172 gyptios
911 3083 1268 3149 imitabatur
1309 3081 1647 3164 sapientes.
1694 3082 1759 3127 (⁰
1814 3082 2132 3148 Praeterea
2186 3101 2317 3152 non
2363 3103 2500 3150 om·

606 3199 797 3297 nibus
835 3196 1063 3280 pariter
1088 3244 1111 3279 ,
1157 3213 1226 3262 ut
1267 3196 1556 3261 Socrates
1580 3242 1604 3277 ,
1650 3195 1953 3278 prodesse
2004 3200 2315 3266 monendo
2359 3214 2499 3268 stu·

607 3316 835 3398 debat,
880 3323 967 3380 'ut
1007 3333 1192 3380 suum
1237 3310 1511 3394 quisque
1555 3314 1828 3393 expleret
1870 3312 2189 3396 officium,
2231 3317 2494 3399 prodes-

604 3451 827 3519 setque
891 3431 1181 3514 civitati;
1260 3430 1374 3496 sed
1428 3430 1697 3496 selectos
1757 3428 2031 3497 habebat
2099 3432 2489 3519 discipulos,

605 3574 769 3643 quos
823 3552 1083 3626 maxime
1143 3550 1492 3633 excoleret,
1562 3547 1799 3638 quique
1865 3549 2044 3618 cultu
2101 3555 2507 3648 praestantes·

2354 3691 2497 3744 cae·

673 3865 769 3935 (ι)
794 3865 951 3919 Xon.
987 3863 1153 3918 Mem.
1195 3865 1242 3918 1.
1281 3882 1331 3919 ι.
1368 3867 1405 3937 §
1444 3863 1527 3921 16.
1630 3868 1731 3937 (ι)
1772 3867 1939 3934 Apol.
1978 3867 2136 3926 Socr-
2175 3871 2244 3924 28
2279 3869 2345 3923 E.

670 3953 772 4023 (ὅ)
822 3952 1003 4008 Locos
1062 3953 1163 4008 lue
1194 3985 1197 3988 -
1234 3953 1304 4008 de
1346 3972 1410 4006 ro
1463 3954 1727 4009 Veterum
1789 3957 1980 4011 citavit
2032 3967 2090 4012 et
2159 3959 2492 4032 dijudicavit

607 4041 864 4120 Utinen-
888 4040 1102 4118 RGesch.
1139 4042 1237 4095 der
1271 4041 1448 4096 wia.
1489 4043 1618 4098 Vol.
1657 4045 1705 4099 1.
1739 4063 1797 4115 p.
1834 4047 1934 4101 405
1970 4065 2094 4119 sqq.
