2792 5167
1062 521 1450 594 ...117—

343 713 538 780 porro
578 707 718 776 est,
764 691 939 778 quod
990 690 1147 760 fecit
1184 680 1525 774 Socrates,
1560 708 1694 775 quo
1721 691 1920 759 'modo
1953 692 2042 761 -in
2092 693 2219 760 his·

334 810 589 896 iudiciis
643 807 1027 895 disposuerit
1069 822 1249 894 pater
1304 808 1567 875 deorum
1635 807 1888 874 omnia:
1931 827 2213 893 perspe-=

336 927 506 996 xisse
543 927 729 995 nobis
794 945 871 995 ex
908 926 1010 995 his
1057 925 1431 1006 suffecerit,
1491 922 1687 991 unius
1753 923 1855 1008 agi
1915 923 2208 991 veritatisss

327 1043 735 1128 justitiaeque
783 1063 1062 1112 caussam
1118 1044 1186 1111 in
1245 1040 1526 1110 Socratis
1589 1053 1654 1107 et
1697 1037 1976 1106 Platonis
2045 1039 2182 1122 phi·

322 1160 635 1243 Iosophia.
722 1161 969 1229 Verum
1031 1177 1165 1243 quo
1224 1158 1423 1242 magis
1440 1205 1466 1240 ‚
1511 1175 1700 1240 quam
1743 1153 1838 1221 illi
1871 1154 2018 1220 hinc
2074 1155 2187 1221 du·

312 1275 522 1341 xerint
578 1277 1010 1358 eloquentiam
1033 1321 1056 1356 ‚
1118 1274 1403 1358 quidque
1437 1273 1506 1340 in
1548 1291 1622 1340 ea
1682 1273 1996 1339 summum
2058 1271 2143 1337 sit
2164 1273 2202 1355 ‚I

317 1389 692 1474 videamus,
735 1391 1064 1476 adjicimus
1111 1391 1218 1457 hic
1270 1389 1572 1458 Socratici
1609 1388 1919 1457 sermonis
1969 1387 2200 1458 finem,

323 1505 474 1590 Ego
531 1506 722 1591 igitur
748 1552 773 1588 ,
812 1526 857 1571 o
897 1505 1232 1602 Callicles,
1275 1506 1364 1573 ait
1387 1553 1413 1589 ‚
1455 1504 1628 1575 hisce
1661 1523 1803 1572 sum
1838 1503 2204 1573 rationibus·

322 1636 683 1688 commotus
704 1669 728 1704 ‚
783 1623 979 1706 idque
1027 1635 1247 1707 specto
1271 1670 1298 1706 ‚
1363 1622 1883 1706 quemadmodum
1911 1620 2208 1705 .-integr0·

321 1756 521 1821 sanoq
530 1757 609 1806 ue
644 1739 851 1805 animo
886 1757 1092 1806 coram
1129 1740 1340 1825 judice
1380 1739 1775 1825 appariturus
1809 1736 1953 1806 sim.
2044 1737 2177 1806 Re·

319 1855 592 1938 pudiatis
645 1855 836 1939 igitur
892 1855 1067 1942 vulgi
1123 1857 1477 1925 honoribus
1498 1904 1523 1940 ‚
1601 1857 1926 1925 veritatem
1979 1856 2200 1939 respi-.

311 1971 485 2038 ciens
538 1972 758 2054 unice,
822 1989 1073 2058 operam
1132 1974 1343 2056 dabo,
1413 1989 1531 2056 ut,
1586 1974 1806 2057 quoad
1850 1973 1987 2059 ejus
2025 1971 2192 2050 fieri

299 2087 530 2169 possit,
575 2107 615 2153 o
659 2087 899 2172 ptimus
952 2088 1272 2156 hominum
1335 2104 1402 2158 et
1464 2089 1674 2158 vivam
1700 2137 1726 2172 ‚
1792 2104 1899 2174 et,
1967 2108 2192 2172 quum*

307 2204 691 2270 moriendum
742 2219 843 2272 eet
882 2205 1036 2271 mihi
1059 2253 1082 2287 ‚
1126 2207 1379 2272 moriar.
1470 2206 1806 2274 Cohortor
1841 2220 2047 2273 autem
2099 2219 2170 2271 et

305 2333 584 2385 caeteros
644 2321 937 2384 homines
954 2364 980 2398 ‚
1046 2333 1351 2400 quantum
1411 2336 1681 2400 possum
1701 2363 1727 2398 ‚
1769 2332 1835 2383 et
1895 2338 2052 2385 vero
2105 2334 2190 2386 te·

310 2433 456 2500 vice
513 2436 655 2501 mea
672 2480 698 2515 ‚
738 2433 820 2498 ad
868 2434 1027 2499 hanc
1094 2432 1287 2498 vitam
1313 2479 1339 2514 ‚
1403 2432 1530 2499 hoc
1592 2447 1908 2500 certamen
1958 2433 2183 2501 ineun-

313 2550 464 2617 dum
483 2596 508 2632 ‚
599 2550 775 2634 quod
830 2567 952 2634 ego
1016 2549 1311 2615 omnibus
1361 2563 1676 2633 praestare
1737 2549 2180 2617 certaminibus

316 2664 489 2731 dico.
594 2665 944 2748 Exprobro
1003 2678 1210 2730 autem
1244 2663 1364 2729 tibi
1399 2663 1726 2730 mollitiem
1749 2712 1773 2747 ,
1836 2665 1892 2731 si
1925 2666 2196 2748 quidem.

314 2779 565 2847 tibimet
623 2779 766 2866 ipse
828 2797 961 2848 non
1020 2799 1161 2848 esse
1211 2794 1469 2865 praesto
1532 2781 1815 2865 potueris
1837 2829 1863 2863 ‚
1926 2782 2182 2866 quando

298 2895 609 2987 judicium
659 2896 922 2964 instabit
960 2911 1026 2965 et
1069 2897 1474 2984 dijudicium,
1520 2918 1706 2980 quam
1765 2899 1953 2966 modo
1995 2898 2192 2984 dixi3·

307 3015 424 3083 sed
482 3014 741 3083 veniens
784 3028 860 3080 tu
901 3015 979 3080 ad
1011 3015 1329 3101 judicem,
1368 3014 1650 3100 Aeginae
1687 3014 1882 3083 fillum
1906 3063 1932 3098 ‚
1993 3032 2190 3100 post-t

307 3151 496 3216 quam
552 3131 659 3200 ille
714 3147 781 3198 te
822 3131 889 3197 in
927 3133 1033 3218 jus
1077 3130 1353 3216 rapuerit
1377 3180 1403 3213 ‚
1463 3131 1756 3200 oscitabis
1810 3154 1880 3200 ac
1931 3135 2179 3202 labora·

305 3248 406 3317 bis
460 3248 772 3335 vertigine
794 3295 821 3331 ‚
881 3266 1013 3314 non
1073 3247 1278 3314 minus
1337 3267 1523 3332 quam
1568 3266 1691 3332 ego
1755 3249 1902 3329 bic,
1966 3249 2056 3313 ita
2102 3263 2192 3314 tu:

310 3363 481 3430 illic·
540 3364 839 3448 forteque
877 3363 1022 3447 quis
1086 3363 1205 3431 tibi
1242 3364 1323 3431 ad
1377 3382 1692 3431 summum
1735 3363 2006 3429 dedecus
2059 3362 2188 3429 aln-

314 3497 463 3563 pnm
517 3479 760 3563 infliget
819 3481 1118 3563 omnique
1185 3478 1574 3548 contumelia
1629 3475 1876 3546 afficiet.
2011 3471 2184 3546 Haec

314 3592 438 3659 tibi
498 3592 667 3661 forte
725 3596 1002 3678 narrari,
1088 3610 1166 3662 ut
1228 3594 1481 3662 fabulae
1538 3592 1770 3663 seniles
1836 3593 2180 3678 quaedam,

313 3707 652 3793 videntur,
742 3724 943 3796 tuque
990 3713 1143 3779 haec
1209 3711 1615 3780 contemnist
1680 3728 1796 3778 nec
1856 3729 2008 3780 vero
2061 3713 2181 3781 mi·

307 3844 457 3896 rum
510 3825 639 3911 sit,
679 3846 802 3896 nos
861 3848 933 3898 ea
983 3844 1428 3910 contemnere,
1467 3828 1523 3894 si
1568 3827 1816 3913 quidem
1874 3849 2182 3914 ᾳυπεῑεηο.

314 3944 397 4014 do
438 3944 765 4031 possimus
809 3946 909 4014 his
948 3947 1206 4016 meliora
1250 3959 1316 4015 et
1354 3944 1595 4017 veriora
1632 3945 1932 4022 invenire.
1979 3947 2180 4016 Nunc

2069 4078 2179 4124 ve-
