2792 5167
941 513 970 564 ι
1518 479 1864 565 *52-

761 649 1108 746 antiquitus
1173 666 1298 751 iam
1358 638 1851 733 animadversum
1914 681 2015 734 est
2038 713 2064 748 ‚
2130 665 2283 782 ‘non
2338 669 2624 739 'confindit

761 802 904 848 cum
976 783 1209 863 rebus,
1271 783 1383 849 sed
1438 784 1518 848 ab
1584 783 1664 850 iis
1718 785 2021 851 discrevit
2079 785 2446 871 diligenter:
2504 808 2618 856 nec

655 971 672 988 x
759 917 916 966 vero
973 917 1073 967 res
1123 898 1401 984 neglexit
1457 917 1655 983 quum
1712 919 2010 969 numeros
2072 918 2410 987 spectaret.
2486 906 2625 991 Qua

765 1016 848 1081 de
891 1031 1010 1095 rc,
1048 1029 1119 1081 ut
1164 1033 1284 1085 suo
1342 1016 1488 1081 loco
1552 1014 2001 1099 monebimus,
2044 1018 2129 1085 ita
2180 1035 2352 1086 nunc
2414 1033 2630 1086 tenen-

767 1131 918 1197 dum
971 1131 1094 1197 hoc
1149 1144 1272 1199 est.
1373 1121 1640 1198 Numeri
1688 1130 1754 1197 in
1795 1131 2329 1218 Pythagoreorum
2380 1134 2627 1219 placitis

763 1261 1194 1330 argumentum
1241 1262 1418 1314 erant
1472 1248 1538 1315 in
1578 1248 1794 1333 paucis
1847 1250 2326 1335 gravissimum:
2389 1251 2629 1320 tribue-

765 1365 918 1431 bant
974 1364 1099 1448 iis,
1182 1379 1258 1432 ut
1305 1385 1344 1434 e
1403 1366 1589 1434 dictis
1659 1363 2017 1452 colligitur,
2096 1365 2229 1434 vim
2298 1365 2619 1435 divinam=

739 1484 968 1574 ¹jurare
1002 1485 1158 1551 adeo
1216 1501 1334 1568 per
1379 1484 1525 1551 illos
1586 1483 1871 1552 solebant
1921 1496 1987 1551 et
2036 1481 2417 1569 principium
2471 1484 2624 1552 inde

765 1600 936 1670 vitae
963 1603 1234 1671 ducere:

853 1828 978 1896 Na}
1018 1828 1116 1906 μὲ
1153 1826 1257 1893 τὸν
1296 1823 1565 1904 ἑκατέρᾳ
1604 1831 1792 1906 ψυχᾷ
1832 1821 2181 1907 παραδόντα
2216 1825 2551 1906 nrm-rim
2570 1865 2595 1901 ‚

843 1945 1063 2021 tamir
1100 1940 1318 2010 ἀενάου
1356 1939 1624 2020 Φύσεως·
1671 1932 1737 1976 ‘¹'

757 2145 842 2214 In
891 2144 1174 2212 Platonis
1232 2160 1384 2210 vero
1446 2121 1857 2225 philosophia
1908 2141 2155 2208 numeri
2198 2156 2272 2208 ut
2333 2129 2629 2231 ’πάρεργον

763 2275 1145 2330 occurruntz
1227 2271 1405 2342 ,certe
1462 2257 1789 2342 percipere
1842 2259 2002 2326 hanc
2052 2259 2245 2344 licet,
2328 2264 2631 2350 neglectis

759 2378 947 2446 etiam
997 2377 1150 2444 illis.
1237 2377 1453 2459 Caput
1513 2376 1703 2462 hujus
1766 2377 2211 2463 philosophiae
2264 2394 2364 2446 est
2425 2399 2495 2448 et
2543 2386 2633 2468 ἔρ-

760 2521 871 2580 γον
928 2492 1105 2578 quod
1160 2505 1382 2560 tractat
1399 2539 1425 2575 ‚
1470 2492 1747 2560 hominis
1805 2495 1885 2560 ad
1941 2495 2267 2563 veritatem
2317 2511 2382 2563 et
2424 2497 2632 2564 virtu-
2690 2501 2701 2506 “

757 2627 887 2682 tem
946 2610 1310 2680 institutio:
1394 2610 1523 2676 huc
1575 2609 1682 2676 illa
1724 2610 1973 2679 confert
2027 2632 2432 2681 numerorum
2487 2619 2636 2683 doc-

757 2730 1032 2810 trinam,
1075 2743 1205 2796 uon
1258 2727 1336 2795 ad
1392 2726 1561 2794 vitae
1600 2727 1907 2812 principia
1942 2730 2373 2813 assequenda,
2420 2749 2633 2815 neque

753 2850 839 2920 ad
892 2847 1162 2914 divinam
1237 2859 1519 2911 naturam
1600 2845 1740 2912 sive
1792 2846 1999 2913 animo
2054 2850 2630 2936 repraesentandam

755 2962 906 3034 aive
953 2953 1480 3047 cognoscendam.
1566 2962 1922 3029 Socraticus
1968 2961 2095 3029 fuit
2136 2967 2314 3032 Plato
2340 3012 2366 3045 ‚
2422 2966 2640 3050 prius·

653 3141 662 3154 .
763 3099 948 3165 quam
999 3079 1539 3163 Pythagoreorum
1592 3079 2057 3144 consectaretur
2100 3079 2461 3146 doctrinas:
2513 3102 2641 3150 un..

759 3199 842 3264 de
895 3198 1020 3262 hoc
1055 3196 1312 3263 retinuit
1365 3216 1479 3279 per
1536 3209 1730 3262 totam
1786 3195 2077 3278 deinceps
2133 3196 2325 3262 vitam
2348 3242 2373 3278 ,
2417 3211 2492 3261 ut
2550 3200 2637 3266 ad

761 3313 1075 3382 hominem
1099 3360 1123 3394 ‚
1166 3313 1241 3379 ad
1300 3313 1601 3379 humanae
1641 3327 1889 3379 naturae
1943 3310 2392 3395 perfectionem
2432 3313 2644 3382 refer-

755 3448 858 3506 ret
911 3430 1140 3502 omnia.
1226 3428 1560 3495 Probabile
1621 3440 1766 3509 est,
1809 3427 2237 3514 Pythagoreos
2283 3428 2349 3494 in
2407 3447 2639 3499 nume-

763 3571 979 3622 rorum
1054 3545 1450 3632 explorandis
1523 3543 2040 3632 proportionibus
2082 3591 2107 3627 ,
2194 3545 2262 3611 in
2337 3546 2637 3618 universa

759 3667 917 3733 adeo
972 3662 1355 3732 arithmetica
1391 3680 1654 3746 magnos
1708 3659 1939 3729 fecisse
1988 3681 2418 3748 progressus:
2486 3682 2636 3730 nam

761 3781 1062 3848 acerrimo
1138 3800 1268 3848 eam
1326 3778 1540 3847 studio
1597 3778 1893 3846 colebant
1917 3826 1941 3861 ‚
2033 3781 2271 3864 quippe
2332 3798 2637 3848 numeros

763 3910 1218 3982 prosequentes
1277 3894 1496 3964 divino
1558 3897 1844 3963 honore:
1930 3893 2287 3979 iisdemque
2336 3894 2637 3979 videntur

875 4085 888 4094 ,
2477 3991 2637 4081 adei>

837 4102 921 4178 (ι)
960 4097 1184 4175 Pythag.
1219 4101 1398 4173 κρύη
1438 4102 1553 4169 in
1572 4122 1658 4161 ³n.
1692 4107 1787 4178 67·
1848 4136 1863 4146 ·
