2792 5167
1496 521 1847 585 ...26-

716 723 844 773 non
896 721 1115 769 omnes
1169 700 1292 785 ipsi
1353 716 1467 783 per
1509 719 1577 765 se
1618 652 1719 765 v'el
1770 698 1911 765 mali
1952 715 2105 766 sunt
2166 703 2264 777 vel
2314 718 2607 770 nocent:

715 822 970 889 trahunt
1033 836 1345 900 mentem,
1413 832 1484 883 ut
1548 817 1863 898 vidimus,
1928 818 1995 882 in
2054 836 2273 885 omnes
2329 835 2597 903 partem

714 938 825 1006 sed
879 956 1047 1005 unus
1098 950 1240 1016 est,
1298 936 1482 1020 cujus
1528 933 1747 999 ductui
1807 950 1868 1000 et
1924 935 2126 1001 veluti
2182 937 2408 1003 tractui
2468 940 2599 1006 ob·

711 1054 896 1139 sequi
949 1053 1247 1119 debemus
1303 1052 1529 1119 unice:
1618 1052 1797 1117 illum
1859 1052 2050 1132 dico,
2141 1052 2254 1135 qui
2296 1072 2441 1121 cum
2496 1074 2595 1122 ra-

707 1172 886 1237 tione
941 1168 1252 1236 consentit
1305 1171 1567 1255 ejusque
1638 1168 1920 1235 minister
1970 1184 2103 1236 est.·
2221 1171 2297 1236 Id
2360 1189 2593 1256 nempe

707 1302 851 1368 est,
896 1287 1071 1371 quod
1124 1288 1201 1354 de
1252 1284 1510 1351 rationis
1554 1286 1748 1351 ductu
1788 1285 2194 1352 Atheniensis
2258 1287 2363 1353 ille
2410 1288 2589 1355 Hos·

706 1424 820 1490 pes
863 1405 1145 1484 monuit,
1188 1408 1410 1476 aeream
1450 1409 1747 1489 ὑπηρετῶν
1787 1408 1891 1473 τοὺ
1932 1405 2120 1485 λόγου
2156 1408 2441 1485 ἀγωγὴν.
2497 1403 2583 1472 (ῑ)

786 1521 932 1586 Vim
977 1522 1170 1605 igitur
1207 1519 1435 1588 amoris
1482 1521 1548 1585 in
1583 1519 1789 1586 animo
1834 1519 2155 1599 hominis,
2222 1520 2278 1587 si
2322 1521 2579 1604 quidem

699 1638 957 1705 rationis
1004 1637 1336 1704 accesserit
1386 1637 1818 1716 moderamen,
1882 1638 1962 1705 ad
2000 1637 2296 1704 virtutem
2338 1640 2580 1707 hones·

695 1772 1011 1838 ratemque
1066 1771 1463 1837 permagnam
1516 1772 1695 1834 esse,
1756 1754 1901 1820 hinc
1952 1770 2143 1838 patet.
2274 1757 2576 1824 Cernitur

691 1888 898 1938 autem
953 1872 1016 1936 in
1075 1867 1292 1936 iisdem
1338 1870 1517 1936 hisce
1564 1870 1911 1937 arctissima
1959 1873 2247 1955 quaedam
2305 1873 2569 1940 virtutis

689 1984 1128 2068 felicitatisque
1153 1985 1578 2053 necessitudo.
1668 1987 1865 2075 Quod
1897 1988 1963 2053 in
2002 1990 2207 2055 eodem
2242 1989 2351 2055 illo
2386 2008 2573 2056 amo·

691 2104 775 2172 ris
817 2106 1055 2189 hymno
1100 2104 1314 2185 Plato,
1382 2120 1452 2171 ut
1524 2106 1589 2169 in
1652 2105 2080 2188 superioribus
2135 2107 2568 2175 animadverti·

693 2242 877 2302 mus,
946 2223 1098 2288 mira
1145 2222 1531 2290 sublimitate
1576 2222 1930 2290 celebravit.
2082 2225 2248 2293 Nam
2308 2245 2560 2309 amam,

690 2341 779 2405 ait
821 2339 1155 2419 Socrates,
1203 2354 1273 2405 ut
1313 2358 1390 2404 eo
1437 2358 1569 2423 quo
1609 2339 1877 2406 diximus
1922 2342 2155 2422 mode,
2212 2344 2406 2408 altero
2448 2343 2554 2411 illo

690 2476 861 2540 equo
916 2458 1212 2542 adjutus,
1256 2476 1479 2541 pravas
1529 2456 1901 2539 cupiditates
1947 2458 2101 2524 vicit
2145 2461 2554 2545 domuitque,

691 2593 822 2657 quo
869 2575 1007 2658 ipse
1046 2575 1313 2658 agitatur
1349 2593 1604 2653 amore,
1669 2576 1883 2643 eodem
1933 2578 2057 2661 jam
2126 2576 2351 2643 imbuit
2395 2597 2555 2644 ama·

625 2675 633 2684 ’
686 2693 877 2759 sium.
967 2696 1156 2759 Amat
1192 2693 1384 2775 igitur
1420 2708 1485 2757 et
1521 2692 1734 2773 hicce,
1781 2713 2160 2776 quamquam
2200 2695 2356 2777 quid
2393 2710 2551 2760 amet

685 2811 909 2877 nescit.
1038 2810 1140 2876 Fit
1175 2826 1378 2875 autem
1422 2828 1628 2875 amore
1682 2826 1950 2890 mutuo,
2015 2824 2087 2875 ut
2130 2824 2442 2892 tamquam
2485 2810 2544 2877 in

682 2928 987 3009 specu10,
1053 2925 1144 2990 sic
1202 2926 1264 2990 in
1331 2942 1607 3005 amante,
1676 2942 1871 2993 semet
1940 2928 2145 3010 ipsum
2222 2927 2544 3011 adspiciat.

679 3040 931 3109 Absens
981 3042 1173 3127 igitur
1208 3044 1515 3109 desiderat
1567 3063 1707 3109 eum
1733 3092 1755 3123 ,
1824 3060 1893 3109 ut
1936 3045 2013 3110 ab
2055 3063 2131 3109 eo
2171 3044 2551 3112 desideratur

683 3158 1000 3240 vicissim,
1043 3177 1157 3225 nec
1219 3160 1556 3243 quidquam
1616 3161 1793 3243 cupit
1850 3160 2319 3243 vehementiuS,
2367 3182 2546 3244 quam

679 3296 751 3344 ut
806 3296 1048 3361 semper
1093 3296 1235 3343 cum
1288 3298 1363 3343 co
1418 3277 1504 3343 sit
1559 3297 1705 3345 una.
1793 3279 1879 3346 Et
1935 3278 2028 3343 sic
2072 3278 2321 3359 quidem
2363 3280 2547 3345 ambo

679 3398 914 3462 beatam
956 3414 1146 3478 atque
1199 3397 1571 3462 concordem
1630 3411 2017 3479 praesentem
2076 3411 2269 3478 agunt
2316 3396 2546 3476 vitam,

2420 3532 2551 3578 mo·

744 3652 829 3724 (ι)
873 3651 1065 3703 Altero
1125 3649 1238 3701 fere
1287 3666 1428 3719 equo
1488 3648 1757 3702 Platonici
1800 3650 1900 3707 τὶν
1945 3648 2110 3719 Θυμὸν
2165 3647 2549 3700 intellexerunt

676 3741 751 3796 V.
774 3743 957 3807 Intpp.
981 3738 1048 3790 ad
1070 3737 1284 3792 [μίσεα.
1362 3739 1488 3793 Non
1532 3739 1753 3808 quidem
1793 3740 2015 3805 inepte:
2070 3754 2195 3789 mm
2233 3736 2375 3806 apud
2418 3736 2552 3788 Pl·-

675 3851 858 3896 ιοιιοιιι
891 3850 994 3895 tam
1030 3836 1231 3912 θυμὶς,
1283 3856 1443 3907 quatu
1487 3839 1624 3890 recti
1661 3856 1811 3891 arnor
1835 3873 1852 3902 ,
1892 3837 2093 3890 rationi
2123 3837 2420 3903 saecun-riu
2454 3836 2551 3889 ned

673 3932 1059 4003 philosophus,
1127 3950 1248 3983 cum
1305 3929 1609 3982 Phaedrum
1672 3929 1985 3992 scriberet,
2040 3925 2278 3980 nondum
2335 3927 2549 3980 videtur

677 4031 950 4082 notionem
986 4027 1159 4096 θυμοῦ
1193 4026 1322 4078 σιώ
1354 4025 1462 4076 sibi
1498 4025 1754 4079 distincte
1787 4024 2160 4094 proposuisse:
2201 4022 2303 4077 hoc
2338 4022 2549 4077 demum

677 4122 734 4172 iu
765 4112 962 4173 Pontia
1001 4114 1107 4185 egit
1133 4151 1148 4181 ,
1197 4122 1257 4167 nt
1290 4115 1432 4166 infra
1467 4116 1817 4168 monebimus·
