2792 5167
1464 436 1872 516 ann-176—

719 609 1009 677 Socrates
1036 658 1059 691 ,
1119 615 1149 680 o‘
1205 617 1654 696 ἑρωτικῶταετος.
1742 616 1923 701 Quae
1979 617 2167 684 nobis
2237 620 2575 701 quaerenda

715 742 992 810 restant,
1030 727 1132 793 ille
1166 746 1285 795 nos
1323 730 1617 813 docebit,
1664 748 1726 796 et
1766 733 2103 817 explicabit
2133 734 2360 817 simul,
2407 737 2580 818 quod

712 848 986 913 nondum
1034 847 1216 929 plane
1280 863 1487 930 patet,
1553 849 1774 915 mirum
1845 850 2006 917 iuud
2060 856 2316 937 μάθημα
2341 899 2367 934 ,
2446 871 2577 935 quo

711 982 840 1030 uno
883 964 1125 1031 solebat
1161 965 1411 1048 gloriari
1438 1013 1462 1046 ,
1504 978 1617 1038 τῶν
1652 972 1973 1052 spo-texam
2022 970 2281 1036 omnino
2343 968 2577 1036 amoris

707 1078 894 1148 nobis
931 1081 1322 1165 disciplinam
1356 1084 1591 1164 tradet,
1616 1102 1773 1167 quae
1810 1086 1887 1150 ad
1917 1087 2121 1170 pulcri
2162 1088 2340 1153 ducit
2374 1088 2583 1155 scien-

703 1198 877 1265 tiam.
963 1199 1090 1264 Sed
1123 1197 1189 1263 in
1224 1198 1591 1264 convivium
1635 1202 1971 1269 redeamus,

789 1314 972 1383 Dixit
1028 1328 1178 1398 post
1221 1315 1709 1398 Aristophanem
1774 1319 2022 1401 Agatho
2048 1366 2074 1399 ,
2132 1321 2316 1405 cujus
2364 1321 2589 1388 oratio-

701 1433 794 1500 sic
845 1432 1082 1518 placuit
1141 1432 1485 1516 omnibus,
1529 1432 1622 1499 sic
1675 1453 1890 1501 omnes
1939 1435 2007 1501 in
2054 1435 2320 1507 dicentis
2379 1439 2579 1506 admi-

701 1549 1004 1616 rationem
1059 1548 1309 1633 rapuit,
1372 1563 1446 1614 ut
1484 1550 1713 1633 plausu
1760 1569 1897 1615 eum
1962 1564 2027 1615 et
2066 1551 2329 1619 summis
2376 1551 2580 1620 laudi-

703 1666 828 1735 bus
882 1666 1256 1749 exciperent·
1299 1679 1361 1731 et
1404 1680 1958 1749 prosequerentur.
2001 1668 2068 1714 <¹²
2130 1669 2272 1737 Nec
2316 1668 2577 1738 mirum.

699 1783 866 1851 Nam
935 1781 1291 1849 excellentis
1357 1795 1454 1846 cst
1517 1782 1752 1863 ingenii
1815 1784 2108 1866 AgathO,
2196 1800 2259 1852 et
2316 1785 2576 1870 ingenio

698 1900 995 1985 congruit
1032 1896 1234 1966 forma
1282 1900 1504 1966 decora
1529 1946 1553 1980 ,
1616 1915 1678 1965 et
1737 1898 1805 1965 in
1859 1900 2002 1984 ipso
2050 1915 2151 1968 est
2214 1901 2573 1986 juventutis

693 2019 850 2085 flore
868 2064 893 2100 ,
938 2033 1001 2083 et
1055 2036 1208 2083 vero
1250 2015 1619 2101 pulcerrime
1654 2016 1853 2100 dixit,
1917 2034 1991 2085 ut
2056 2025 2246 2104 poeta
2316 2036 2383 2086 et
2438 2019 2576 2089 vic·

696 2152 801 2202 tor
855 2135 1237 2202 aemulorum
1306 2135 1372 2199 in
1436 2136 1672 2217 tragico
1732 2136 2062 2203 certamine
2081 2186 2107 2220 ,
2190 2156 2376 2221 quam
2436 2139 2574 2205 vic-⁶

693 2252 915 2320 toriam
979 2252 1103 2347 hoc
1169 2252 1314 2336 ipso
1360 2251 1661 2317 convivio
1721 2271 1865 2320 cum
1912 2253 2128 2321 amIcis
2189 2270 2253 2321 et
2302 2254 2571 2323 familia-

659 2369 871 2439 ·ribus
928 2370 1221 2439 celebrat.
1312 2370 1409 2436 Ut
1481 2383 1686 2438 autem
1755 2388 1970 2436 omnes
2050 2371 2433 2439 admirantur
2498 2372 2569 2439 in

686 2488 944 2574 poetico
995 2486 1280 2554 encomio
1338 2505 1483 2551 cum
1535 2487 1693 2568 alia,
1756 2502 1891 2553 tum
1932 2488 2270 2555 verborum
2322 2491 2569 2573 elegan-

683 2603 833 2671 tiam
857 2651 882 2686 ,
946 2602 1247 2669 orationis
1285 2602 1709 2670 ‘suavissimae
1756 2604 1993 2670 flumen
2012 2652 2038 2686 ,
2101 2620 2233 2671 tum
2296 2605 2565 2674 maxime

687 2721 951 2808 effigiem
1007 2720 1236 2788 amoris
1261 2746 1296 2801 ,·
1330 2726 1517 2802 quam
1557 2719 1951 2787 abumbravit
1990 2719 2403 2804 pulcerrimus
2458 2723 2563 2810 jus

687 2841 869 2910 venis
944 2839 1228 2908 omnium
1289 2837 1737 2921 pulcerrimam
1760 2886 1785 2919 ,
1866 2837 1956 2904 ita
2006 2857 2155 2906 mox
2217 2840 2509 2907 Socrates
2531 2882 2558 2921 ‚

685 2959 1180 3044 Eryximachum
1242 2955 1637 3039 adspiciens,
1709 2955 2009 3024 videorne
2076 2955 2250 3040 tibi,
2306 2957 2557 3042 inquit,

685 3074 999 3144 Acumeni
1038 3074 1170 3155 fili,
1213 3087 1443 3141 temere
1479 3076 1602 3160 jam
1640 3075 1881 3142 dudum
1914 3075 2212 3142 metuisse
2232 3123 2257 3158 ,
2292 3095 2412 3144 nec
2452 3092 2559 3142 va-

682 3190 767 3256 tis
830 3191 1026 3257 instar
1071 3208 1218 3254 vere
1262 3189 1648 3273 praedixisse
1663 3237 1688 3272 ,
1747 3192 2140 3273 Agathonem
2190 3191 2559 3273 mirabiliter

681 3308 996 3376 dicturum
1032 3326 1171 3374 esse
1194 3353 1219 3388 ,
1262 3309 1579 3389 mequod
1619 3309 1928 3389 dicerem,
1971 3326 2100 3374 non
2142 3309 2554 3377 habiturum?

680 3427 798 3495 Ille
845 3445 1047 3509 vero,
1107 3428 1366 3492 alterum
1423 3424 1728 3508 quidem,
1786 3441 1827 3488 o
1891 3423 2230 3505 Socrates,
2291 3423 2555 3508 inquit,

682 3562 832 3613 vere
860 3543 1238 3611 vaticinatus
1278 3562 1345 3608 es
1366 3590 1392 3625 ,
1437 3542 1595 3607 bene
1640 3539 1952 3607 dicturum
1983 3542 2379 3625 Agathonem
2402 3592 2427 3628 ,
2466 3546 2560 3610 al·

678 3679 883 3731 terum
945 3680 1098 3729 vero
1114 3710 1140 3746 ,
1191 3660 1310 3727 tibi
1368 3657 1723 3725 defuturam
1778 3677 1916 3725 esse
1974 3660 2316 3728 orationem
2335 3711 2365 3745 ,
2424 3678 2553 3729 non

678 3783 855 3850 item.
940 3780 1183 3865 Quidni
1221 3799 1373 3846 vero
1391 3826 1417 3861 ,
1461 3776 1712 3863 reponit
1754 3776 2044 3845 Socrates
2064 3829 2085 3856 ‚
2130 3794 2195 3846 et
2236 3798 2359 3865 ego
2413 3782 2551 3848 hae·

2389 3914 2547 3964 ream

750 4035 844 4108 (ι)
883 4031 1072 4104 Synp.
1113 4033 1230 4103 198.
1269 4033 1347 4086 A.
1448 4088 1455 4093 ,
