2792 5167
1457 434 1857 480 —112—

731 607 797 664 et
835 592 1077 680 iustitia
1106 592 1316 661 dicere
1380 595 1747 664 sustineret.
1835 594 1969 662 Hac
2021 598 2206 672 nobis
2267 601 2572 671 Socraten

726 725 1005 778 utentem
1066 705 1407 795 proposuit
1477 712 1656 778 Plato
1681 761 1704 794 ,
1771 727 1842 778 ut
1902 712 2172 782 vidimus
2240 737 2434 806 supra
2457 766 2482 797 ‚
2521 708 2590 765 <¹³

722 837 925 916 quu‘m
992 847 1135 912 pro.
1169 828 1488 913 judicibus
1545 830 1778 899 diceret
1799 847 1830 898 ε·
1885 835 2268 917 eundumne
2317 838 2583 906 eundem

720 945 791 1011 in
852 945 1095 1030 Gorgia
1162 945 1283 1012 hoc
1326 945 1590 1032 dialogo
1654 948 1762 1016 ¹sic
1849 949 2326 1022 describentem.
2381 952 2535 1024 fecit
2556 999 2582 1035 ,

724 1076 844 1145 ut,
932 1062 1085 1146 quid
1142 1061 1281 1147 ipse
1334 1064 1633 1145 sentiret,
1715 1064 1920 1149 ipsius
1976 1068 2191 1134 verbis
2261 1069 2582 1151 exprime-

722 1195 844 1248 ret.
906 1181 1141 1247 Amens
1206 1180 1327 1247 sim
1379 1200 1449 1249 re
1485 1200 1674 1262 vera,
1718 1201 1764 1246 o.
1815 1181 2103 1249 Callicles
2124 1228 2150 1264 ,
2220 1184 2581 1254 ait-Socra-

724 1314 867 1379 tes,
929 1298 1050 1365 nisi
1114 1311 1439 1382 putarem,
1498 1298 1564 1366 in
1628 1299 1740 1365 hac
1793 1317 2302 1382 unumquemque
2353 1299 2575 1367 civita·

720 1427 790 1484 te
832 1413 898 1480 id
948 1413 1168 1482 subire
1186 1462 1212 1497 ,
1278 1411 1454 1499 quod
1491 1414 1615 1500 ipsi
1665 1414 1834 1483 forte
1914 1418 2198 1497 eveniat3
2264 1417 2420 1483 inud
2465 1437 2578 1484 au-

724 1545 850 1600 tem
903 1547 1075 1600 certo
1121 1533 1304 1617 scio,
1348 1533 1405 1599 si
1448 1533 1698 1615 quando
1743 1533 1810 1600 in
1836 1532 2140 1618 judicium
2173 1552 2457 1616 venere,
2501 1536 2584 1603 de

714 1651 904 1716 rebus
951 1648 1415 1733 periclitaturus
1437 1694 1463 1729 ,
1545 1668 1703 1732 quas
1770 1664 1842 1714 tu
1895 1650 2150 1732 dixisti,
2215 1651 2579 1736 improbum

716 1782 858 1834 csse
906 1763 1194 1831 futurum
1218 1812 1244 1847 ,
1310 1764 1423 1847 qui
1482 1784 1584 1832 me
1641 1767 2052 1835 accusaverit.
2139 1768 2301 1835 Nam
2359 1769 2580 1836 inson-

715 1891 862 1952 tem‘
903 1883 1215 1950 hominem
1271 1882 1415 1965 quis
1476 1883 1717 1949 tandem
1768 1899 2024 1952 accuset
2061 1883 2356 1968 probus?
2424 1886 2572 1951 Nec

710 2018 863 2068 veto
923 2014 1090 2064 esset
1148 1998 1367 2063 mirum
1394 2044 1420 2078 ,
1464 1998 1522 2062 si
1561 1999 2004 2066 condemnarer
2053 2013 2279 2068 morte.
2367 2000 2574 2068 Visne

710 2115 827 2180 tibi
898 2113 1144 2196 dicamoj,
1210 2132 1396 2196 quam
1460 2114 1546 2210 ob
1603 2133 1882 2180 caussam
1943 2115 2093 2181 haec
2155 2114 2241 2180 ita
2301 2134 2573 2201 exspec-

706 2232 881 2299 tem?
924 2230 1260 2311 Arbitror,
1304 2241 1587 2297 mecum
1645 2231 1863 2313 paucis
1901 2232 2439 2316 Atheniensibus,
2485 2253 2572 2302 ne

704 2349 907 2416 dicam
983 2347 1190 2413 solum
1213 2394 1239 2429 ,
1324 2367 1472 2413 vere
1539 2347 1902 2414 incumbere
1956 2348 2021 2414 in
2109 2368 2210 2415 res
2265 2351 2567 2433 poiiticas

703 2463 939 2549 easque
1005 2467 1209 2533 solum
1274 2483 1488 2530 eorum
1511 2512 1536 2546 ‚
1611 2464 1722 2546 qui
1784 2483 1953 2531 nunc
2011 2481 2163 2534 sunt
2187 2514 2212 2549 ,
2271 2483 2569 2540 tractare.

688 2584 1172 2675 Quamobrem,
1213 2602 1356 2649 cum
1397 2600 1531 2647 non
1579 2582 1656 2648 ad
1709 2580 1962 2667 gratiam
2020 2583 2189 2665 apud
2238 2584 2411 2651 cives
2468 2587 2566 2652 in-

709 2705 973 2773 eundam
1024 2702 1220 2769 dicam
1244 2748 1267 2781 ,
1311 2700 1562 2782 quoties
1617 2698 1757 2765 dico
1779 2746 1804 2781 ,
1858 2700 1971 2766 sed
2034 2675 2318 2784 spectem
2388 2706 2564 2786 quod

688 2822 1017 2908 -0ptimum
1037 2867 1062 2900 ,
1106 2837 1237 2884 non
1293 2811 1467 2899 quod
1519 2816 1946 2884 dulcissimum
1992 2832 2133 2899 est,
2200 2837 2318 2885 nec
2375 2821 2563 2888 velim

702 2940 1012 3024 praeclara
1065 2935 1170 2998 iila
1192 2979 1216 3012 ,
1272 2949 1434 3014 quae
1483 2933 1674 2998 modo
1709 2935 2012 3001 enarrasti
2034 2981 2058 3016 ,
2101 2933 2346 3015 fucere,
2393 2938 2559 3004 haud

699 3071 851 3121 stne
935 3045 1177 3116 habebo
1257 3049 1549 3131 equidem
1624 3051 1801 3132 quod
1878 3052 1943 3118 in
2005 3039 2242 3142 judicio
2323 3054 2555 3124 dicam.

696 3147 868 3238 Idem
914 3169 994 3235 de
1056 3184 1158 3235 me
1210 3167 1637 3250 usurpandum
1660 3214 1685 3250 ,
1730 3169 1906 3251 quod
1964 3170 2120 3236 Polo
2167 3170 2297 3237 dixi
2317 3191 2340 3238 ε
2383 3173 2559 3263 judi·

699 3289 893 3358 cabor
960 3286 1204 3356 scilicet
1226 3332 1252 3366 ,
1316 3299 1390 3350 ut
1435 3304 1471 3350 a
1537 3286 1815 3369 puerulis
1877 3285 2250 3371 judicaretur
2272 3332 2297 3369 ,
2361 3307 2553 3356 accu-

699 3423 875 3477 sante
911 3427 1097 3494 coquo
1116 3451 1141 3487 ,
1206 3403 1497 3470 medicus.
1582 3402 1750 3469 Vide
1822 3402 1983 3469 enim
2010 3449 2034 3484 ,
2095 3403 2256 3486 quid
2324 3404 2557 3492 hujus-

701 3526 871 3594 modi
923 3526 1116 3591 homo
1173 3525 1327 3588 tales
1385 3533 1602 3587 nactus
1652 3520 1893 3606 judices
1918 3569 1943 3602 ,
1986 3520 2217 3588 diceret
2240 3568 2265 3604 ,
2337 3524 2396 3590 si
2438 3543 2553 3591 co·

699 3659 865 3723 quus
925 3659 1069 3707 eum
1121 3639 1185 3705 in
1228 3637 1396 3704 hunc
1439 3638 1690 3704 modum
1734 3653 2094 3706 accusaretz
2142 3641 2354 3707 multis
2396 3663 2498 3709 vos
2525 3690 2550 3723 ‚

606 3821 615 3828 ,
697 3773 730 3820 o
776 3760 973 3843 puori
993 3803 1018 3839 ‚
1076 3759 1183 3826 νίν
1250 3755 1417 3822 hicce
1478 3755 1987 3840 gravisst’misque
2058 3756 2246 3823 malis
2280 3755 2498 3841 affecit
2523 3781 2552 3824 .·

2405 3890 2545 3939 cun

765 4009 1059 4095 (1)·p298.
1190 4035 1194 4040 ·
1302 4061 1355 4070 ..
