2792 5167
1353 408 1716 471 ἰι-8.*

605 594 717 671 bat
766 592 883 657 ita.
908 610 1037 658 non
1086 612 1225 659 raro
1245 639 1270 674 ,
1332 609 1405 659 ut
1461 610 1584 658 una
1627 592 1934 658 sententia
1952 638 1977 672 ‚
2039 609 2234 657 unum
2288 591 2484 657 etiam*

605 709 979 788 vocabulum
1021 728 1133 793 per
1182 709 1482 792 integram
1525 728 1644 776 nos
1676 711 1890 776 horam
1935 707 2249 775 retineret.
2339 710 2476 776 Cu„

603 827 710 911 jus
773 842 977 906 tamen
1027 845 1126 895 me
1178 845 1385 892 morae
1430 846 1636 909 neque
1675 842 1818 902 ,tum
1873 825 2199 907 taedebat,
2269 841 2479 906 neque

611 960 765 1016 vero
810 956 1027 1023 postea
1072 940 1410 1024 poenituit.
1500 942 1663 1008 Nam
1716 941 1964 1008 voculis
2015 941 2121 1007 ille
2166 938 2492 1023 explicari·-

614 1058 757 1139 dis,
803 1057 1148 1141 explicabat
1182 1057 1337 1123 mihi
1372 1058 1564 1124 simul
1621 1073 1683 1126 et
1729 1058 2201 1127 commendabat
2253 1071 2494 1142 sponte-

616 1175 895 1251 Graecae
940 1177 1187 1259 linguae
1232 1177 1413 1258 dotes
1463 1176 1893 1258 admirabiles,
1936 1176 2189 1244 Atticae
2236 1173 2485 1240 dialecti

612 1310 996 1370 venustatem
1021 1344 1046 1378 ‚
1089 1296 1286 1380 ipsam
1343 1294 1753 1368 urbanitatem
1802 1294 2121 1362 Atticam:
2187 1296 2498 1375 eloquen-l·

615 1410 741 1490 tiae
796 1411 863 1496 in
912 1411 1133 1497 primis
1179 1412 1307 1480 vim
1363 1413 1632 1486 nativam
1654 1459 1679 1494 ,
1725 1432 1896 1495 quae·
1939 1430 2070 1479 non
2123 1412 2190 1478 in
2231 1410 2436 1495 tropis
2460 1457 2485 1491 ‚

613 1528 836 1613 figuris
856 1578 881 1613 ,
944 1530 1318 1613 imaginibus
1374 1531 1883 1615 ornamentisque
1933 1529 2224 1597 oratoriis
2291 1528 2497 1595 cerni-.

613 1663 722 1722 tur
744 1695 765 1730 ,
810 1649 923 1728 sed
966 1649 1226 1732 proprio
1276 1651 1647 1732 exprimitur
1693 1665 1756 1713 et
1803 1648 2119 1728 exquisito
2155 1645 2495 1712 verborum

618 1739 783 1835 usu:
847 1764 1015 1847 apud
1077 1766 1397 1830 Platonem
1448 1763 1809 1847 praesertim
1833 1810 1858 1844 ‚
1925 1763 2110 1846 cujus
2163 1761 2377 1828 verbis
2433 1776 2499 1827 et

619 1881 1006 1964 dictionibus
1052 1895 1187 1948 tota
1237 1881 1577 1965 antiquitas
1633 1900 1819 1963 quam
1867 1879 2205 1964 plurimum
2270 1879 2504 1946 tribuit-

621 2000 1038 2084 §uetoritatisq
1162 2001 1383 2083 Itaque
1447 1998 1800 2082 frequentia
1871 2014 2044 2065 erant
2111 2000 2246 2083 ejus
2297 1997 2509 2064 moni-.

621 2132 728 2184 m:
792 2118 1098 2185 mitterem
1152 2117 1432 2183 novitios
1478 2117 1948 2201 philosophos,
2011 2117 2125 2199 qui
2168 2117 2246 2192 de
2290 2116 2510 2181 Plato-.

623 2251 708 2309 ne
740 2235 1005 2318 ejusque
1056 2231 1462 2316 philosophia
1497 2233 1937 2317 scripsissent:
1986 2232 2291 2298 mitterem
2329 2241 2512 2298 c'om-.

625 2351 853 2438 pendia
905 2350 1350 2436 philosophiae
1401 2351 1794 2424 Platonicae:
1862 2352 2151 2417 ducerem
2209 2351 2367 2417 hanc
2425 2371 2506 2417 ex

628 2470 780 2554 ipso.
836 2469 1132 2546 Platonea
1195 2487 1332 2534 nam
1415 2467 1654 2535 fontem
1724 2488 1864 2536 esse
1933 2470 2265 2552 petendum
2290 2515 2315 2549 ‚
2374 2487 2513 2535 non

629 2587 876 2656 rivulos
896 2635 921 2669 ‚
975 2585 1218 2653 fontem
1268 2601 1476 2653 autem
1541 2606 1678 2653 esse
1730 2587 1991 2653 maxime
2045 2586 2242 2670 ipsam
2299 2585 2520 2652 Plato..

633 2704 735 2787 nis
788 2706 1106 2789 linguam,
1165 2704 1402 2789 quippe
1448 2725 1613 2787 quae
1659 2705 1884 2770 mentis
1940 2704 2522 2788 philosophiaeque

629 2823 992 2904 Platonicae
1062 2824 1244 2906 quasi
1312 2842 1665 2907 expressam
1731 2823 2082 2898 contineret
2152 2823 2517 2906 imaginem,

638 2940 815 3012 Haec
868 2943 975 3007 ille
1019 2941 1241 3014 crebro
1298 2957 1360 3010 et
1401 2957 1531 3008 t-um
1592 2956 1654 3008 et
1705 2959 1949 3025 postea.
2039 2941 2292 3029 Quodsi
2346 2958 2524 3006 nune-

642 3075 760 3141 ego
826 3057 943 3124 hae
1010 3057 1469 3139 interpretanda
1559 3058 1965 3140 philosophia
2052 3057 2526 3139 quodammodo

640 3172 906 3248 videbor
979 3193 1204 3257 operae
1273 3153 1540 3257 pretium
1575 3170 1875 3253 ·fecisse‚
1939 3187 2146 3238 totum
2201 3171 2348 3239 hoe
2411 3173 2526 3239 de-

647 3291 849 3362 buero
902 3291 1184 3375 vesperis
1240 3290 1369 3356 illis
1432 3289 2123 3360 Amstelodamcnsibus
2145 3339 2169 3367 ,
2230 3309 2386 3372 quas
2450 3290 2527 3354 in.

643 3408 1041 3479 Bibliotheca
1099 3408 1372 3490 transegi
1414 3406 1998 3491 Wyttenbachiana.
2085 3408 2248 3473 Nam
2307 3427 2343 3471 e
2393 3426 2536 3472 ser-a

650 3526 946 3600 monibus
971 3573 999 3607 ,
1060 3544 1224 3608 quos
1288 3525 1418 3591 illio
1472 3523 1626 3590 mihi
1677 3525 1903 3591 habere
1959 3524 2139 3591 licuit
2202 3545 2344 3591 cum
2404 3526 2537 3592 hu·-⁴

653 3644 1014 3714 manissime
1080 3642 1269 3725 viro,
1329 3640 1604 3708 fructum
1674 3642 1814 3727 cepi
1869 3660 2022 3708 sane
2065 3642 2473 3726 multiplicem
2496 3615 2575 3726 ‚‘

652 3775 729 3829 ut
775 3761 1151 3844 diligentiam
1200 3760 1495 3828 adhibere
1542 3777 1666 3827 tam
1724 3761 1997 3828 minimis
2055 3760 2243 3827 rebus
2267 3809 2292 3843 ‚
2338 3780 2534 3845 quam

656 3879 1006 3960 maximis,
1056 3879 1404 3946 discerem}
1461 3881 1878 3964 perspicerem
1938 3881 2163 3964 plane,
2219 3877 2534 3961 neglectis

650 3994 783 4086 mis
823 3994 1095 4078 minimis
1116 4041 1139 4075 ‚
1203 3999 1470 4079 majores
1513 3998 1986 4080 amplioresque,
2035 3995 2342 4092 cognosci
2383 3995 2564 4064 nul-l.

2457 4115 2538 4187 lo
