2792 5167
1519 453 1869 514 ...42-

748 633 851 684 est
903 612 1462 702 wyttenbachius,
1569 614 1734 678 Idem
1791 593 2011 682 'autem
2081 613 2241 678 illud
2310 627 2587 696 quantum

751 738 954 805 valmt
1012 734 1090 799 ad
1150 734 1320 797 nulla
1385 749 1517 798 non
1594 732 1927 799 doctorum
1998 731 2323 798 hominum
2393 749 2592 812 genera

748 852 1078 922 erudienda
1122 864 1186 916 et
1239 849 1575 928 excolenda
1599 898 1624 932 ‚
1667 869 1811 916 cum
1865 850 2310 933 philosophiae
2363 848 2596 916 ubertas

745 974 971 1051 docet,
1018 984 1151 1042 tum
1211 969 1584 1052 comprobat
1641 970 1988 1051 exemplum
2044 966 2400 1034 Ciceronis·

829 1090 1002 1157 Haec
1043 1085 1301 1168 habuj„
1321 1086 1854 1170 praestantissime
1909 1087 2265 1166 Creuzere‚
2325 1104 2482 1170 quae
2527 1085 2598 1150 de

746 1205 1247 1289 Wyttenbachio
1307 1223 1493 1287 mm,
1529 1293 1534 1298 ,
1571 1204 1700 1280 imo
1763 1217 1983 1269 nostro
2006 1250 2031 1284 ‚
2091 1204 2169 1269 ad
2228 1219 2290 1267 te
2342 1203 2599 1286 perscri-

740 1325 975 1392 berem.
1080 1322 1153 1387 In
1215 1321 1449 1403 quibus
1520 1318 1900 1386 desiderabis
1956 1337 2101 1384 cum
2174 1317 2308 1384 alia,
2361 1320 2548 1382 multa
2571 1364 2598 1397 ‚

736 1454 877 1510 tum
930 1440 1096 1506 illam
1150 1438 1454 1506 orationis
1523 1439 1653 1505 vim
1724 1451 1788 1503 et
1849 1436 2097 1521 copiam
2122 1483 2149 1519 ,
2210 1454 2368 1521 quae
2429 1449 2600 1506 tanto

728 1557 1107 1625 celebrando
1137 1556 1279 1624 viro
1333 1577 1448 1641 par
1499 1556 1584 1622 sit
1627 1571 1689 1621 et
1739 1555 2225 1621 accommodata.
2311 1553 2453 1636 Ego
2499 1571 2605 1617 au-

736 1691 867 1742 tem
918 1694 1048 1742 non
1097 1675 1369 1756 elogium
1415 1673 1688 1738 scribere
1753 1671 2231 1754 Wyttenbachii
2277 1688 2604 1754 aggressus

730 1810 922 1873 sum3
980 1789 1093 1854 sed
1156 1788 1399 1854 narravi
1477 1786 1845 1871 simpliciter
1862 1833 1888 1868 ,
1951 1806 2110 1870 quae
2178 1803 2240 1853 te
2308 1787 2601 1871 putabam

730 1909 841 1976 de·
862 1904 1181 1973 communi
1244 1903 1446 1972 amico
1509 1917 1734 1971 nostro
1754 1950 1779 1985 ‚
1858 1922 1999 1972 meo
2071 1919 2278 1972 autem
2345 1904 2603 1971 doctore

730 2041 797 2094 et
849 2014 1021 2092 duce'
1063 2025 1130 2090 in
1174 2024 1276 2090 his
1330 2021 1571 2104 literis,
1637 2021 1925 2092 lubenter
1982 2041 2120 2090 esse
2177 2036 2599 2106 accepturum.

724 2144 963 2227 ,Neque
1020 2141 1274 2225 suscepi
1331 2140 1513 2207 etiam
1564 2140 1632 2206 in
1691 2160 1788 2207 me
1805 2188 1840 2223 ,
1905 2154 1979 2207 ut
2034 2140 2268 2224 quibus
2321 2140 2607 2226 moribus

716 2258 925 2325 ,fuerit
977 2257 1080 2324 vir
1136 2256 1446 2340 eximius,
1510 2256 1745 2339 quibus
1808 2256 2000 2324 animi
2055 2256 2350 2324 sensibus
2404 2259 2610 2324 excel-

724 2374 822 2442 sis
863 2374 942 2440 de
994 2372 1181 2438 rebus
1234 2371 1469 2440 divinis
1527 2386 1590 2437 et
1649 2372 1938 2440 humanis
1957 2421 1983 2456 ,
2043 2375 2410 2442 adumbrare
2462 2388 2603 2460 ten-

721 2505 940 2558 tarem.
1030 2490 1176 2557 Una
1245 2489 1315 2556 id
1372 2490 1587 2572 potuit
1652 2510 1946 2573 peragere
2013 2508 2076 2559 et
2127 2494 2370 2577 peregit
2422 2514 2602 2578 prae·-

717 2606 885 2672 clare
943 2604 1477 2688 wyttenbachia‚
1538 2606 1754 2673 aetatis
1814 2608 1924 2674 illa
1973 2622 2225 2676 nostrae
2275 2610 2600 2692 Diotinoe,

710 2727 933 2816 juncta
970 2724 1123 2791 olim
1165 2722 1309 2790 viro
1359 2724 1709 2791 arctissima
1758 2726 2218 2793 necessitudine
2235 2773 2263 2809 ‚
2305 2743 2369 2795 et
2407 2727 2603 2812 digua

712 2864 885 2928 quae
919 2848 1229 2913 coleretur
1277 2843 1357 2910 ab
1405 2844 1623 2911 aetatis
1669 2864 1821 2911 suae
1876 2845 2156 2914 Socrate.
2247 2845 2417 2913 Mihi
2455 2846 2602 2911 uni-

714 2983 793 3028 ce
843 2963 1217 3046 explendum
1283 2977 1413 3032 erat
1473 2962 1727 3046 pietatis
1793 2963 2108 3046 officium,
2172 2983 2300 3046 quo
2353 2967 2599 3034 nullum

634 3111 637 3114 ‡
714 3075 919 3143 habeo
972 3077 1251 3141 sanctius
1269 3124 1295 3157 ‚
1353 3091 1429 3142 ut
1492 3081 1826 3143 recolerem
1877 3098 2031 3144 cum
2088 3081 2229 3146 viro
2289 3080 2600 3150 amicissi-

710 3209 821 3264 mo
891 3191 1403 3258 desideratissimi
1471 3194 1899 3276 praeceptoris
1969 3195 2327 3268 memoriam
2347 3244 2373 3279 ‚
2452 3212 2598 3274 tum

710 3325 867 3377 vero
917 3309 1077 3392 grati
1140 3327 1398 3379 sensum
1463 3308 1652 3374 animi
1717 3330 1882 3376 cum·
1921 3312 2254 3378 scribendo
2307 3312 2602 3380 effunde-

708 3448 844 3496 rem
865 3474 890 3509 ,
934 3441 1071 3493 tum
1124 3428 1327 3510 palam
1385 3426 1783 3496 declararem.
1869 3428 2295 3515 Quamobrem
2347 3431 2425 3496 da
2473 3431 2601 3498 mi-

706 3547 778 3614 hi
823 3546 981 3613 hanc
1025 3543 1269 3610 veniam
1290 3592 1314 3625 ‚
1382 3545 1698 3612 Creuzere
1718 3593 1742 3627 ‚
1787 3559 1860 3612 ut
1907 3546 2236 3640 epistolam
2294 3548 2454 3615 hanc
2526 3565 2598 3616 et

708 3665 883 3730 edam
926 3662 1179 3748 publice
1219 3678 1283 3728 et
1320 3660 1520 3728 initiis
1575 3663 1748 3730 hisce
1801 3665 2241 3750 philosophiae
2305 3668 2594 3734 Platoni-

708 3799 819 3848 cae
841 3828 866 3863 ,
929 3780 1340 3848 dedicationis
1417 3783 1563 3847 loco
1581 3827 1606 3863 ,
1674 3782 2084 3866 praemittam.
2193 3783 2447 3851 Etenim
2514 3799 2596 3849 ut

709 3900 1101 3966 voluntatem
1156 3918 1300 3983 erga
1360 3920 1460 3967 me
1491 3914 1683 3968 ‚tuam
1737 3900 2111 3982 declarasti,
2189 3900 2594 3966 inscribenda

713 4033 854 4086 meo
912 4013 1062 4088 item
1121 4016 1359 4086 nomini
1428 4017 1635 4087 Procli
1697 4033 1806 4087 tua
1849 4016 2168 4098 editione,
2235 4015 2322 4085 ita
2385 4017 2594 4122 cupit>

2472 4151 2596 4198 ve..
