2792 5167
184 632 365 682 orem
404 611 725 682 civitatem
752 659 776 696 ,
815 613 1036 697 partim
1071 612 1467 697 oligarchiam
1489 657 1513 694 ,
1558 610 1810 680 iubebit
1849 625 2057 682 autem

181 735 341 800 item
397 731 729 816 proprium
798 729 978 813 quid.
1062 729 1152 798 Et
1213 730 1483 815 priorem
1539 730 1788 814 quidem
1853 732 1917 799 in
1975 750 2057 799 eo

188 848 588 929 imitabitur,
630 849 810 932 quod
840 845 1159 933 principes
1199 848 1713 932 honorabuntur,
1751 864 1813 916 et
1834 849 2061 918 milites

186 967 279 1034 ab
342 966 716 1050 agricultura
775 964 1276 1050 mechanicisque
1327 966 1570 1035 artibus
1614 965 2062 1048 abstinebunt,

193 1100 264 1150 et
312 1085 675 1149 communia
720 1082 873 1149 fient
919 1082 1253 1164 convivia,
1293 1082 1789 1168 gymnastichue
1826 1082 1958 1150 ludi
1999 1098 2065 1150 et

186 1201 346 1267 beili
401 1201 730 1267 certamina
789 1198 1383 1284 frequentabuntur.
1470 1199 1797 1284 Proprium
1856 1213 2062 1268 autem

196 1322 329 1386 hoc
378 1318 633 1386 habebit
656 1366 682 1400 ,
751 1319 926 1400 quod
973 1318 1283 1402 sapientes
1341 1334 1475 1383 non
1526 1318 1605 1384 ad
1647 1315 2058 1401 principatum

188 1437 520 1521 admittet,
569 1438 700 1505 sed·
736 1435 1022 1503 homines
1064 1439 1382 1520 θυμοειδεῖς
1433 1451 1715 1517 eosque,
1761 1435 1875 1517 qui
1918 1431 2070 1501 belli

192 1554 446 1640 magis,
484 1574 668 1639 quam
713 1554 887 1639 pacis
939 1567 1214 1620 amantes
1256 1551 1412 1620 s‘int.
1517 1553 1846 1620 Caeterum
1886 1565 2073 1617 erunt

188 1678 259 1740 in
311 1675 427 1739 hac
493 1670 750 1739 civitate
785 1670 957 1737 cives
1005 1670 1407 1755 pecuniarum
1444 1683 1855 1754 appetentes,
1898 1681 1972 1733 ut
2002 1669 2071 1735 in

197 1788 613 1876 oligarchiis,
672 1788 910 1873 quippe
954 1795 1075 1875 οὐχ
1112 1793 1226 1861 ὑπὸ
1267 1792 1536 1864 πειθοῦς,
1594 1785 1745 1856 ἀλλ’
1780 1790 1894 1857 ὑπὸ
1925 1787 2073 1870 βίοις

212 1911 672 1994 πεπαιδευμένοι
690 1958 710 1986 ,
765 1910 866 1979 διὰ
904 1909 976 1977 τὸ
1015 1913 1124 1984 τῆς
1162 1909 1438 1985 ἀληθινῆς
1478 1909 1727 1983 Μούσης
1761 1911 1873 1981 τῆς
1905 1905 2074 1985 μετὰ

215 2030 420 2109 λόγων
455 2054 529 2096 τε
561 2027 661 2095 καὶ
696 2026 1064 2110 Φιλοσοφίας
1098 2026 1490 2106 ἠμεληκέναι.
1533 2023 1636 2091 καὶ
1658 2021 2072 2106 πρεσβυτέρως

204 2146 585 2225 rumas-minu
626 2149 910 2228 μουσικῆς
969 2143 1352 2224 certantium
1366 2163 1385 2182 ·
1454 2159 1576 2204 non
1626 2138 2029 2225 persuasione
2045 2182 2073 2219 ,

201 2257 315 2326 sed
364 2259 439 2327 ,νὶ
500 2255 749 2351 educqtr'
764 2304 788 2338 ,
836 2271 1176 2348 propterea
1197 2300 1221 2334 ,
1274 2252 1447 2342 quod
1499 2253 1759 2320 Musam
1805 2271 2025 2318 voram
2044 2298 2070 2332 ,

198 2396 365 2464 quae
418 2395 559 2442 cum
616 2373 992 2443 sermonibus
1045 2385 1111 2440 et
1143 2372 1531 2461 philosophia
1565 2361 1903 2455 'conjuncta
1940 2383 2072 2451 est,

201 2490 655 2577 neglexerunt,
680 2491 1000 2578 magisque
1021 2509 1098 2555 ac
1112 2490 1323 2577 potius
1339 2491 1795 2575 gymnasticae»
1811 2533 1836 2570 ,
1880 2507 2071 2575 quam

196 2613 540 2691 musivum,
579 2607 1071 2676 honoraverunt.
1137 2604 1279 2671 Erit
1309 2605 1502 2689 igitur
1534 2603 1888 2689 respublica
1923 2605 2071 2673 haec

198 2748 237 2792 e
281 2728 455 2792 bono
497 2728 788 2808 maloque
830 2724 1046 2791 mixta.
1087 2722 1172 2796 (²)

292 2841 537 2908 Mirum
582 2841 685 2907 cui
739 2839 909 2907 forte
950 2840 1235 2908 videatur
1289 2841 1412 2907 hoc
1469 2838 1792 2907 civitatum
1850 2857 2071 2924 genus.

198 2957 368 3026 Nam
412 2976 530 3041 per
567 2971 762 3023 totam
802 2956 1230 3039 antiquitatem
1272 2958 1364 3024 nil
1408 2972 1504 3023 est
1542 2957 1880 3044 oligarchia
1904 3004 1927 3038 ,
1967 2957 2077 3026 de-

200 3074 507 3141 mocratia
580 3088 642 3140 et
725 3074 1054 3158 tyrannide
1123 3073 1567 3158 frequentius3
1649 3081 2077 3143 timocratr'am

209 3209 367 3255 vero
410 3190 603 3274 quis,
650 3208 779 3257 uno
821 3207 1084 3275 excepto
1122 3193 1419 3274 Platone,
1463 3193 1884 3262 memoravit?
1964 3193 2080 3260 Vi·

210 3307 400 3372 detur
434 3325 579 3373 sane
613 3308 790 3375 Plato
816 3308 1090 3374 nominis
1116 3325 1338 3376 auctor
1369 3309 1614 3377 fuisse:
1659 3329 1799 3377 nam
1831 3310 2078 3379 dubitat

206 3425 579 3508 quaeritque
620 3426 788 3508 apud
823 3444 960 3491 eum
1001 3425 1328 3506 Socrates,
1374 3427 1890 3507 quemadmodum
1915 3444 2079 3494 nun·

204 3544 490 3624 cupanda
565 3541 789 3608 civitas
872 3542 1338 3610 iila-videatur.
1463 3544 1782 3628 spectavit
1853 3562 2075 3630 nempe

206 3661 571 3727 Cretensem
636 3675 697 3726 et
748 3659 1341 3742 Lacedaemoniam,
1417 3680 1598 3743 quam
1664 3676 1987 3744 utramque
2039 3682 2074 3729 a

206 3796 323 3846 sua
386 3774 638 3844 civitate
698 3776 995 3864 peculiari
1038 3779 1291 3844 nomine
1331 3779 1714 3863 distinguere
1756 3779 2075 3847 studebat.

1942 3893 2080 3961 Hae

284 4027 367 4095 (Ι)
407 4027 493 4076 De
515 4028 656 4095 Rep.
695 4027 860 4081 Vll!-
901 4026 1023 4099 567.
1052 4026 1106 4079 Β.
1130 4050 1185 4067 ·-
1211 4024 1425 4082 568.0.
