2792 5167
1357 456 1751 518 ..152-

628 614 957 681 rationem.
1043 616 1186 698 Ego
1240 635 1391 682 vcro
1433 615 1634 683 fateor
1657 664 1680 698 ‚
1728 636 1807 683 ex
1848 638 2067 685 eorum
2118 606 2539 700 descriptio·'

630 731 822 797 nibus
861 733 1126 799 multum
1164 753 1266 798 me
1303 733 1650 816 profecisse
1682 736 1760 800 ad
1793 735 2111 802 Platonem
2148 735 2539 818 intelligen-

632 849 804 914 dum.
889 848 1056 915 Nam
1111 848 1425 917 illustrant
1473 851 1577 916 illa
1632 848 1935 934 mirifice,
2001 870 2162 934 quae
2214 850 2541 937 philoso-

631 964 798 1047 phus
839 966 1282 1046 pronunciavit
1343 971 1424 1035 de
1481 968 1757 1035 musicae
1810 984 1874 1036 et
1922 971 2267 1061 chororum
2307 983 2484 1037 ortu
2508 1015 2540 1048 ‚

634 1097 751 1145 nec
805 1081 1013 1148 minus
1062 1086 1272 1150 valent
1310 1087 1387 1152 ad
1441 1086 1668 1169 placita
1718 1090 1855 1172 ejus
1894 1088 2299 1171 explicanda,
2354 1105 2548 1171 quae

632 1197 713 1263 ad
744 1200 1018 1283 tragicos
1059 1216 1125 1291 et
1152 1202 1435 1270 comicos
1468 1203 1845 1272 referuntur.

726 1316 1139 1401 Tragoediam
1189 1318 1248 1383 si
1299 1320 1671 1404 respicimus
1693 1366 1719 1402 ‚
1765 1321 1964 1404 qualis
2009 1333 2209 1388 exstat
2242 1320 2312 1387 in
2366 1337 2553 1405 gen-

640 1420 815 1502 tib'us
871 1435 1326 1503 recentioribus
1346 1485 1372 1518 ‚
1442 1442 1569 1505 una
1620 1437 1927 1504 contineri
1980 1428 2167 1522 poesi
2218 1435 2543 1503 videtur:

643 1553 970 1623 comoedia
1054 1557 1389 1642 verossavel
1464 1554 1608 1639 ipsa
1685 1554 1987 1623 destituta
2057 1569 2155 1621 est
2241 1570 2551 1636 poeseos

643 1670 1227 1739 commendatione:
1308 1672 1585 1756 pedestri
1663 1672 1794 1739 fere
1864 1671 2149 1738 oratione
2205 1670 2552 1754 procedit.

648 1789 849 1871 Apud
913 1782 1171 1854 Veteres
1237 1808 1423 1854 vero<
1462 1804 1726 1872 utraque
1784 1808 1821 1855 e
1888 1789 2106 1855 choris
2167 1801 2312 1853 nata
2386 1802 2510 1855 est
2530 1835 2562 1870 ‚
2636 1788 2643 1795 ’

646 1924 991 1987 eorumque
1035 1921 1342 1989 perpetuo
1391 1922 1455 1972 et
1498 1906 1752 1991 gratiam
1800 1906 2013 1972 retulit
2061 1920 2123 1972 et
2181 1905 2565 1972 sublimita-

651 2038 804 2092 tem.
927 2025 1090 2092 Nam
1145 2024 1327 2090 chori
1369 2025 1645 2112 agebant
1697 2024 1822 2108 ipsi
1873 2024 1941 2090 in
2002 2022 2229 2090 Bacchi
2284 2023 2505 2090 sacris
2531 2071 2560 2104 ‚

653 2160 728 2211 ut
767 2145 833 2210 in
874 2143 1149 2211 Deliacis
1202 2144 1386 2210 sestis
1443 2143 1780 2222 solebant,
1822 2116 1906 2207 ‘et
1952 2143 2184 2225 pariter
2224 2160 2325 2206 res
2373 2143 2572 2208 Deo-

654 2280 792 2328 rum
853 2276 915 2327 ct
958 2261 1284 2328 hominum
1318 2260 1557 2344 agendo
1592 2259 2167 2342 repraesentabant:
2220 2271 2283 2323 et
2320 2276 2572 2342 quam·

658 2378 759 2446 vis
779 2425 804 2459 ,
872 2393 1127 2444 auctore
1184 2379 1509 2462 Aeschylo
1530 2426 1555 2461 ‚
1619 2377 1980 2444 accederent
2034 2375 2370 2443 identidem
2416 2374 2574 2442 his·

660 2493 898 2559 triones
945 2494 1008 2541 θ)
1034 2538 1059 2574 ,
1104 2513 1234 2574 quo
1284 2493 1444 2558 ratio
1484 2509 1548 2557 et
1589 2491 1790 2558 forma
1829 2492 2120 2559 dramatis
2156 2492 2272 2557 rite
2289 2491 2570 2558 demum

657 2608 1004 2675 constituta
1055 2608 1196 2697 est]‚
1257 2610 1494 2674 chorus
1549 2624 1755 2679 tamen
1812 2609 1879 2674 in
1930 2607 2165 2676 fabulis
2221 2607 2569 2691 principes

663 2728 960 2808 quasdam
1005 2741 1213 2810 partes
1256 2726 1460 2792 tenuit
1485 2775 1510 2807 ‚
1535 2746 1637 2793 eas
1676 2743 1888 2808 certe,
1945 2740 2020 2792 ut
2060 2725 2335 2792 musicae
2380 2726 2454 2791 vi
2500 2741 2571 2792 et

661 2844 1012 2911 saltationis
1058 2843 1257 2930 gratia
1310 2844 1676 2912 mirabiliter
1729 2859 2115 2928 spectatores
2161 2859 2223 2910 et
2266 2860 2567 2912 moveret

663 2980 730 3028 et
773 2964 1137 3030 oblectaret.
1228 2964 1625 3031 Constabant
1686 2964 1880 3045 igitur
1931 2965 2200 3028 dramata
2257 2962 2363 3028 illa
2420 2980 2566 3028 non
2675 3013 2691 3029 .

666 3081 873 3145 solum
918 3080 1146 3162 poesi,
1191 3082 1303 3143 sei
1344 3082 1585 3146 musica
1640 3081 1830 3144 simul
1873 3097 1936 3144 et
1996 3080 2375 3159 saltatione3
2430 3081 2569 3146 imo

665 3199 908 3261 musica
965 3195 1353 3261 vocabantur
1408 3200 1765 3263 certamina
1786 3244 1810 3277 ‚
1874 3196 1940 3261 in
2006 3196 2243 3277 quibus
2291 3198 2573 3262 concerss

667 3325 803 3377 tare
854 3330 1065 3376 secum
1115 3311 1383 3377 invicem
1441 3314 1733 3379 solebant
1786 3313 2006 3395 tragici
2062 3318 2288 3393 poetae
2324 3328 2390 3376 et
2448 3318 2575 3377 coi

670 3426 845 3497 mici.
931 3429 1097 3495 Natu
1158 3427 1597 3494 dominabatur
1648 3429 1833 3510 plane
1876 3427 1941 3490 in
1981 3423 2108 3490 illis
2135 3471 2160 3504 ,
2206 3425 2375 3491 unde
2434 3428 2574 3494 ori·

675 3546 879 3635 ginem
927 3537 1232 3613 duxerant
1254 3591 1279 3628 ‚
1319 3546 1606 3613 Musica.
1697 3545 1861 3612 Tam
1899 3545 2021 3618 late
2058 3544 2228 3626 apud
2270 3543 2566 3616 Graecos

674 3664 926 3750 patebat
958 3664 1203 3735 divinae
1249 3664 1439 3749 hujus
1474 3663 1627 3733 artis
1675 3663 1777 3731 vis
1827 3679 1893 3731 et
1932 3661 2301 3732 auctoritaS.
2364 3662 2431 3707 ε’)

774 3785 900 3851 Sed
932 3784 996 3851 in
1031 3783 1295 3865 choris,
1341 3782 1435 3851 uti
1479 3780 1939 3849 memoravinus
1964 3828 1989 3865 ,
2034 3797 2099 3847 et
2134 3782 2339 3846 multo
2378 3779 2558 3847 etiam

2436 3913 2565 3958 ma‘

763 4006 844 4070 (ι)
888 4007 1118 4057 Aristot.
1144 4008 1212 4058 de
1235 4014 1377 4073 poet.
1403 4027 1451 4058 c.
1477 4009 1529 4059 4.
1687 4007 1768 4074 (ιι)
1808 4002 1883 4055 Vt
1906 4004 2026 4056 Dcn
2044 4002 2157 4053 Tea
2176 4020 2230 4069 p.
2249 4002 2348 4054 152
2363 4019 2482 4069 sqq.
2506 4003 2562 4049 et

691 4095 884 4165 script.
912 4096 981 4149 ab
1006 4115 1069 4147 eo
1092 4096 1275 4148 citati:
1315 4097 1448 4147 ilem
1467 4133 1482 4159 ‚
1509 4112 1756 4167 quaenos
1770 4092 1882 4147 illic
1897 4090 2197 4145 notavimus
2218 4108 2274 4159 p.
2304 4106 2421 4141 κιο.
2534 4086 2545 4099 ’
