2792 5167
1006 462 1216 549 —69
1255 495 1364 545 -.

238 671 374 720 suo
422 652 664 737 quique
708 631 949 736 ingenio
1011 646 1609 734 philosopharentur
1630 690 1655 726 ,
1717 661 1897 712 suum
1935 641 2100 726 qui·-

242 787 380 852 que
416 769 540 836 iter
568 767 952 835 instituerent
976 814 1003 850 ,
1044 765 1338 850 plerique
1372 780 1678 830 novarum
1722 767 1936 827 essent
1955 746 2114 827 sec-²

240 869 461 952 tarum
528 901 832 954 auctores.
955 884 1130 950 Fons
1198 880 1324 949 fuit
1390 877 1712 947 Socratica
1780 865 2112 961 disciplina?

241 1001 638 1084 uberrimus,
716 1002 879 1069 unde
933 1014 1141 1068 sectae
1198 999 1267 1065 in
1306 1003 1534 1064 omnes
1589 1008 1804 1079 partes
1858 981 2114 1079 magno-³

236 1137 366 1202 que
419 1138 681 1187 numero
733 1134 799 1188 et
847 1120 1085 1203 majore
1124 1117 1312 1182 etiam
1366 1113 1747 1199 placitorum'
1778 1095 2120 1190 varietate,

228 1248 551 1319 tamquam
592 1237 788 1304 rivuli
812 1282 838 1317 ‚
879 1235 1307 1300 dimanat-enta
1368 1232 1716 1312 eademque
1754 1213 2130 1311 'disciplinae-L

224 1352 438 1437 buius
514 1351 920 1420 foecunditas
979 1350 1045 1415 in
1096 1331 1377 1415 Platonis
1457 1344 1846 1429 disciplinam
1879 1379 1892 1390 ·
1929 1343 2124 1428 quasi*

231 1481 597 1552 propagata
664 1479 769 1532 est
792 1511 818 1547 ,
905 1482 1065 1548 quae
1126 1477 1193 1531 et
1250 1463 1658 1531 Academicos
1727 1449 1997 1549 protulit
2049 1463 2121 1530 ct

233 1583 700 1668 Peripateticos
764 1595 831 1649 et
905 1580 1402 1667 Neoplatonicos
1425 1628 1451 1663 ,
1537 1581 1665 1646 imo
1742 1598 1898 1648 vero
1955 1578 2115 1664 ipsis

230 1700 481 1768 Stoicis
542 1713 609 1765 et
650 1698 981 1784 Epicureis
1003 1745 1029 1780 ,
1075 1698 1361 1783 quamvis
1420 1698 1667 1765 aliunde
1726 1698 1887 1765 ortis
1907 1745 1933 1781 ,
1996 1696 2116 1764 ali-

233 1829 530 1883 mentum
595 1816 883 1901 praebult
935 1834 1085 1883 sane
1120 1836 1304 1900 quam
1368 1816 1862 1884 saluberrimum.
1947 1816 2118 1884 Nam

228 1932 419 2015 quod
476 1933 766 2000 Socrates
832 1934 1146 2001 monendo
1204 1933 1730 2020 cohortandoque
1782 1948 1847 2002 et
1878 1953 2118 2003 sermo-

227 2049 430 2116 nibus
497 2050 897 2140 instituerat,
956 2051 1023 2117 id
1080 2050 1352 2136 perfecit
1412 2052 1594 2120 Plato
1661 2071 1807 2121 cum
1867 2053 2058 2124 simili
2083 2101 2109 2137 ,

239 2165 533 2247 quamvis
572 2167 1008 2253 diligentiore,
1050 2149 1425 2254 disciplina,
1471 2184 1605 2237 tum
1627 2171 1881 2256 scriptis
1919 2172 2117 2239 maxi·

231 2303 341 2352 me
366 2333 394 2367 ,
479 2283 711 2365 quibus
794 2285 1115 2351 Socratem
1185 2285 1466 2369 posteris
1532 2286 1853 2366 nobisque
1930 2287 2115 2353 etiam

228 2403 373 2468 hoc
422 2415 713 2483 ternpore
763 2399 1171 2464 disserentem
1222 2399 1912 2483 philosophantemque
1931 2446 1956 2481 ,
2015 2413 2122 2466 ve-

233 2516 368 2587 luti
449 2515 668 2582 vivum
732 2515 1085 2581 etiamnunc
1110 2560 1133 2595 ‚
1215 2516 1746 2599 repraesentavit:
1834 2516 2123 2600 idemque

238 2632 643 2701 institutioni
691 2629 1011 2695 doctrinas
1062 2628 1349 2712 adjunxit
1365 2673 1390 2706 ‚
1477 2630 1833 2710 praesertim
1893 2601 2128 2696 matlie.

242 2749 517 2820 maticas
543 2793 568 2828 ,
650 2764 785 2813 non
839 2762 973 2827 quo
1032 2744 1194 2810 viam
1254 2742 1583 2827 definiret,
1670 2763 1831 2826 quae
1896 2746 2127 2828 cuique

247 2878 432 2934 esset
490 2863 674 2929 anxie
733 2862 1072 2942 servanda,
1116 2860 1227 2928 sed
1280 2875 1351 2927 ut
1396 2859 1589 2947 magis
1647 2862 1830 2929 etiam
1866 2864 2122 2934 insitum

240 2979 489 3051 homini
544 2979 678 3048 veri
734 2996 1005 3046 amorem
1058 2991 1122 3045 et
1165 2977 1461 3047 excitaret
1495 2983 1834 3068 aleretque
1871 2999 1939 3051 ct
1969 3005 2125 3071 pru-

247 3100 472 3168 denter
522 3111 792 3182 regeret.
2171 3081 2178 3090 ’

330 3216 462 3287 Sed
513 3216 762 3302 agimus
810 3214 891 3282 de
944 3232 1395 3299 progressuum
1455 3215 1767 3284 celeritate
1790 3263 1814 3296 ,
1859 3237 1987 3297 qua
2032 3219 2131 3283 in-

249 3336 493 3419 signem
553 3351 695 3401 esse
760 3337 1157 3418 μαιευτικῇν,
1218 3333 1359 3419 ipse
1411 3335 1600 3400 nobis
1665 3334 2138 3418 praestantissb

259 3466 402 3516 mae
454 3448 814 3532 disciplinae
863 3465 1086 3516 auctor
1162 3449 1357 3514 modo
1431 3448 1778 3516 affirmavit.
1907 3447 2132 3516 Nolim

262 3565 377 3632 hic
449 3564 725 3649 cogitent
786 3568 1052 3632 lectores
1118 3565 1500 3633 celeritatem
1560 3565 1723 3631 illam
1807 3564 2131 3649 discendi,

258 3699 435 3768 quae
488 3680 675 3747 hodie
728 3683 1127 3763 praesertim,
1211 3681 1425 3746 ubivis
1486 3682 1625 3748 fere
1690 3663 2128 3750 incultioribus

254 3801 571 3885 Europae
624 3798 924 3882 populis,
962 3799 1487 3878 commendatur,
1530 3797 1710 3881 cujus
1755 3801 2131 3879 praestantia
2241 3878 2247 3885 ‚

253 3911 575 3988 breuitate
618 3917 914 4001 temporis
980 3927 1320 3995 censetur,
1401 3931 1532 3980 non
1596 3914 1916 3997 ubertate,
1999 3935 2135 3984 non

252 4036 575 4125 <ingentia
596 4077 622 4118 ,
673 4051 803 4102 non
839 4051 1042 4104 rerum
1086 4030 1587 4101 addiscendamm
1619 4034 1960 4120 gravitate,
2005 4045 2138 4094 non

1973 4139 2141 4212 fruc-
