2792 5167
1470 536 1824 602 ...⁶0-

711 733 862 796 rere
907 718 995 784 sit
1045 714 1385 799 pulcrum,
1445 731 1594 782 vere
1636 715 1721 780 sit
1781 715 2015 782 bonum
2052 715 2469 801 iustumque,
2507 729 2569 783 et

713 836 957 919 qualem
993 849 1139 903 esse
1172 844 1464 915 oporteat
1522 831 1727 898 vitum
1789 832 2025 898 bonum
2076 846 2140 899 et
2199 832 2569 918 sapientem.
2638 897 2649 908 ,

711 948 979 1038 Quaerit
1015 948 1262 1032 quidem
1302 948 1409 1015 ille
1444 945 1791 1014 formosum
1833 948 2177 1015 continuo:
2223 969 2368 1016 nam
2425 949 2577 1032 quid

711 1068 941 1151 pulcro
978 1079 1078 1133 est
1117 1055 1490 1132 amabilius?
1530 1079 1596 1132 et
1638 1082 1796 1131 vero
1848 1065 2052 1147 pulcri
2101 1066 2411 1150 adspectu
2467 1085 2581 1133 ve·

716 1182 919 1250 ritatis
975 1181 1356 1266 virtutisque
1401 1200 1591 1248 amor‘
1627 1181 1910 1265 inprimis
1966 1182 2375 1265 accenditur3
2457 1182 2577 1249 sed

714 1300 1153 1383 qualicumque
1189 1298 1272 1365 sit
1299 1296 1418 1366 ilie
1455 1297 1659 1366 forma
1680 1345 1704 1379 ‚
1747 1297 1986 1365 etiamsi
2039 1301 2143 1365 vel
2180 1298 2429 1367 Socrati
2489 1300 2578 1366 sit

710 1413 981 1496 similis,
1005 1413 1764 1495 suffecerit,dummod0‚
1810 1427 1882 1479 ut
1924 1413 2208 1481 Socrates
2231 1461 2255 1496 ‚
2279 1415 2453 1481 intus
2489 1415 2577 1480 sit

707 1531 952 1615 pulcer.
1039 1530 1205 1597 Nam
1253 1529 1456 1612 turpis
1506 1529 1747 1595 animus
1816 1548 1947 1595 non
2000 1546 2268 1613 corpore
2317 1528 2393 1595 fit
2444 1527 2583 1595 for·

708 1664 975 1726 mosas,
1029 1645 1142 1710 sed
1178 1643 1423 1711 animus
1478 1644 1536 1710 si
1605 1644 1687 1710 sit
1738 1647 2008 1728 pulcer,
2073 1661 2338 1713 taetrum
2398 1648 2585 1716 etiam

702 1780 943 1845 corpus
994 1759 1344 1828 formosum
1403 1760 1628 1828 reddit.
1712 1761 1953 1848 Quidni
2008 1761 2199 1845 igitur
2242 1763 2375 1828 hoc
2434 1778 2580 1848 agat

707 1879 850 1947 data
890 1881 1086 1965 opera
1128 1878 1599 1963 philosophus,
1661 1877 1763 1944 cui
1829 1878 2151 1946 hominum
2210 1881 2424 1947 cultus
2467 1899 2584 1946 cu·

706 2014 811 2063 rae
845 1994 1152 2077 cordique
1199 2011 1338 2075 est,
1399 2009 1472 2060 ut
1526 1994 1823 2061 conciliet
1864 1996 2364 2063 adolescentibus
2407 2015 2584 2061 ama-

703 2112 885 2192 sios,
947 2111 1003 2177 si
1065 2110 1320 2193 quidem
1371 2111 1494 2194 ipsi
1564 2110 1837 2194 reperire
1889 2110 2115 2197 dignos
2170 2129 2291 2177 suo
2350 2112 2576 2179 studio

701 2246 834 2296 non
881 2226 1258 2314 potuerint?
1302 2224 1696 2294 conciliandi
1744 2241 1951 2295 autem
2006 2227 2134 2295 illis
2183 2229 2337 2296 tales
2373 2243 2573 2311 sunt,

707 2347 927 2431 quales
969 2344 1250 2429 ipsorum
1302 2359 1559 2411 naturae
1607 2344 2024 2426 conveniant,
2083 2358 2155 2410 ut
2211 2363 2289 2411 ex
2336 2344 2577 2412 studiis

709 2462 1239 2545 sermonibusque
1297 2461 1579 2543 mutuis,
1654 2477 1733 2527 ex
1788 2461 2109 2528 communi
2176 2462 2573 2549 ingeniorum

708 2576 1087 2647 commercio
1128 2591 1194 2643 et
1232 2576 1699 2645 cousuetudine·
1734 2576 1986 2642 inventa
2009 2623 2033 2657 ‚
2079 2591 2389 2659 tamquam
2442 2575 2580 2644 foe-

711 2713 861 2778 tus,
905 2694 1142 2781 optima
1177 2710 1538 2761 nascantur.
1625 2692 1773 2775 Sic,
1817 2693 2028 2761 indole
2062 2710 2392 2780 perspecta
2426 2696 2581 2762 ado·
2644 2743 2665 2770 ,

706 2813 1080 2893 lescentiae‚
1122 2813 1411 2878 lenonem
1446 2828 1518 2876 se
1551 2808 1788 2877 ferebat
1824 2810 2116 2877 Socrates
2150 2812 2569 2896 ingeniorum.

709 2930 878 2999 Nam
919 2929 1042 2995 hoc
1084 2926 1371 3007 tenebat,
1416 2927 1588 3010 quod
1638 2927 1825 2994 nobis
1862 2927 2319 3011 Eryximachus
2372 2946 2574 3011 expo·

708 3019 881 3125 suit,
925 3038 990 3085 ‘¹2
1031 3039 1338 3125 optimum
1399 3060 1543 3110 esse
1580 3043 1929 3125 medicum,
1973 3043 2081 3127 qui
2128 3042 2414 3128 corporis
2462 3063 2575 3129 ap-

709 3157 1018 3245 petitibus
1057 3157 1246 3224 bonis
1282 3157 1635 3244 indulgeret
1672 3161 2159 3243 alimentumque
2205 3160 2573 3244 praeberet,

710 3279 910 3347 malos
944 3277 1232 3343 tolleret:
1277 3276 1513 3362 pariter
1568 3291 1773 3345 autem
1830 3277 2037 3345 animo
2085 3277 2258 3344 illum
2311 3278 2574 3363 prospi-

713 3517 1010 3584 elimeuto
1043 3512 1291 3580 sublato
1312 3560 1337 3595 ‚
1380 3511 1575 3579 amori
1618 3511 1807 3578 insito
1847 3512 1981 3580 veri
2021 3512 2357 3598 pulcrique
2391 3513 2577 3581 unice

715 3631 1199 3715 gratificaretur:
1247 3612 1509 3713 fierique
1550 3630 1673 3697 hoc
1726 3630 2051 3715 aptissime
2097 3629 2577 3717 certissimeque

715 3744 904 3811 bonis
951 3765 1093 3813 cum
1141 3746 1328 3814 bonis
1362 3745 1815 3833 conjungendis
1871 3761 1936 3813 et
1976 3768 2096 3815 suo
2140 3749 2377 3832 cuique
2410 3765 2570 3814 ama-

709 3858 817 3926 sio
856 3860 1274 3931 conciliando.
1331 3862 1490 3931 ,δαί
1541 3862 1703 3933 idem
1748 3862 2084 3949 Socrates,
2118 3880 2201 3936 nt
2254 3866 2364 3933 hac
2397 3862 2573 3945 inge·

1221 4029 1230 4034 ,
2434 3977 2574 4045 nio-

791 4090 873 4165 (ι)
913 4087 1099 4164 synp.
1135 4087 1230 4166 187
1267 4093 1343 4148 D.
