2792 5167
955 467 1320 531 -29—.

197 649 492 712 tuamus,
571 630 880 714 uniceque
938 630 1374 713 philosopham
1398 677 1423 709 ‚
1494 631 1618 697 imo
1681 630 2052 699 Socraticam

199 748 588 832 disquirendi
630 747 974 827 rationem,
1019 749 1073 813 si
1123 747 1288 814 forte
1334 747 1428 814 sic
1476 748 1723 815 licuerit
1769 749 1960 817 nobis
1998 766 2063 815 et

208 882 417 949 partes
478 866 664 933 animi
720 867 997 948 singulas
1052 865 1413 955 singulatim
1472 864 1878 949 conspicere,
1955 881 2019 933 et
2045 914 2069 947 ‚

206 986 362 1065 quid
400 983 486 1049 sit
520 983 586 1048 in
628 982 833 1049 animo
868 981 1145 1068 justitia,
1188 1001 1503 1064 quamque
1542 985 1667 1050 vim
1715 984 1791 1051 ad
1831 985 2067 1051 beatam

216 1098 406 1165 vitam
449 1098 705 1182 habeat,
747 1102 997 1182 assequi
1041 1113 1103 1165 et
1145 1098 1522 1182 perspicere.

820 1338 1415 1421 Thrasymachi

559 1453 647 1521 de
692 1455 1076 1546 justitia
1138 1474 1231 1516 ac
1277 1453 1756 1532 felicitate

970 1570 1338 1657 placita.

319 1806 441 1873 Sed
516 1819 589 1871 ut
665 1803 1166 1888 disquisitionem
1249 1805 1575 1869 instituere
1655 1804 1719 1869 in
1788 1802 2093 1888 justitiam

237 1922 524 2004 vitaeque
582 1919 934 1988 felicitatem
993 1940 1276 2004 paramus
1299 1967 1324 2001 ,
1403 1922 1585 1987 ecce!
1665 1921 1871 1988 denuo
1907 1919 2097 1986 nobis

242 2054 581 2106 occurrunt
623 2037 982 2121 sophistae:
1074 2039 1373 2120 quodque
1424 2040 1543 2125 jam
1601 2039 1832 2105 dudum
1882 2041 2105 2105 clama·

249 2169 435 2235 runt,
475 2157 578 2221 hlc
621 2171 947 2237 repetunt,
993 2155 1232 2220 inanem
1279 2174 1406 2220 rem
1449 2174 1628 2233 esse,
1678 2174 1860 2238 quam
1919 2174 2106 2238 quae·

251 2272 486 2337 rimus:
577 2269 875 2353 opinione
948 2270 1268 2353 hominum
1352 2271 1500 2337 ferri
1560 2271 1865 2356 justitiam
1890 2318 1915 2352 ,
1969 2290 2106 2337 esse

252 2404 454 2456 autem
512 2388 669 2454 nihil
725 2406 981 2470 reapse,
1050 2390 1194 2462 vel.
1257 2389 1310 2454 si
1371 2388 1524 2469 quid
1584 2387 1714 2467 sit,
1799 2391 2108 2472 ἀλλότριον

258 2526 396 2574 esse
434 2511 696 2589 ἀγαθὸν,
741 2510 956 2577 οἰκείαν
995 2511 1272 2591 βλαβὴν.
1299 2504 1381 2573 (⁸)
1471 2504 1685 2571 Simile
1728 2503 1880 2587 quid
1925 2504 2113 2570 nobis

253 2640 386 2689 tum
442 2622 805 2707 objecerunt
859 2622 1175 2707 GorgiaS,
1236 2623 1570 2700 Callicles,
1630 2624 1862 2704 Polus,
1916 2641 2111 2704 quum

256 2742 327 2809 in
399 2740 531 2807 veri
597 2758 985 2806 versaremur
1055 2740 1519 2824 disquisitione.
1668 2741 1903 2807 Verum
1982 2760 2118 2807 esse

259 2857 421 2926 nihil
474 2857 878 2936 dictitabant,
949 2857 1074 2922 nisi
1124 2860 1298 2939 quod
1352 2860 1709 2940 videretur,
1800 2858 1989 2941 idque
2045 2860 2125 2926 ad

256 2974 563 3061 justitiam
617 2974 953 3040 tollendam
1015 2974 1413 3041 adhibebant.
1542 2978 1664 3044 Sed
1715 2977 1939 3044 horum
1994 2997 2128 3043 om·

270 3091 444 3158 nium
498 3089 911 3174 inprimisque
948 3091 1320 3176 Protagorae
1359 3094 1782 3161 cavillationes
1838 3093 2127 3161 idearum

267 3207 634 3274 auctoritate
696 3228 766 3274 ac
836 3208 1093 3275 veritate
1164 3207 1516 3278 confutavit
1579 3214 1746 3295 apud
1814 3212 2126 3277 Platonem

277 3324 586 3392 SocrateS.
717 3324 1172 3408 Thrasymachi
1242 3346 1394 3394 vero
1472 3329 1644 3395 istud
1704 3327 1768 3392 in
1823 3326 2131 3412 justitiam

275 3442 507 3507 dictum
524 3488 549 3522 ,
617 3444 867 3525 injustis
908 3463 1043 3506 eam
1076 3443 1362 3532 prodesse
1381 3493 1406 3525 ,
1461 3447 1652 3520 iustis
1695 3463 1840 3510 vero
1880 3464 2095 3509 nocere
2114 3491 2139 3525 ,

277 3565 509 3641 habet,
577 3582 703 3645 quo
771 3578 1037 3630 mentem
1101 3561 1408 3628 continuo
1476 3578 1752 3628 nostram
1815 3563 2092 3628 advertat
2113 3608 2137 3641 ,

281 3698 398 3746 nec
440 3681 611 3745 omni
669 3698 761 3746 est
819 3698 1006 3761 sane,
1070 3679 1125 3747 si
1187 3678 1374 3745 vitam
1435 3678 1751 3745 hominum
1812 3699 2142 3763 moresque

277 3800 659 3867 attendimus
685 3846 707 3878 ‚
753 3796 1288 3864 verisimilitudine
1327 3795 1761 3875 destitutum„
1803 3797 1965 3864 Nam
2011 3810 2145 3862 tan·

2007 3931 2139 3981 tum

362 4047 441 4113 (ι)
482 4047 702 4112 Dea—p
763 4044 782 4094 ι
844 4044 963 4095 588.
1035 4041 1145 4095 ιιι.
1184 4041 1302 4107 392.
1343 4040 1398 4092 n.
