2792 5167
954 527 1331 606 ..165-

192 706 395 777 Plato
452 704 827 788 cupiditates
884 722 1022 771 esse
1082 720 1364 770 accurate
1419 704 1878 789 distinguendas
1919 724 2062 771 cen-

188 823 378 892 ⁴snit.
467 825 679 911 Quum
746 823 823 888 de
874 823 1115 888 ratione
1166 823 1618 907 quaerebatur,
1679 826 2068 906 quemadmo-

208 938 377 1004 dum
419 956 497 1004 ex
537 936 915 1021 oiigarchico
958 939 1208 1005 homine
1263 940 1709 1006 democraticus
1766 942 2067 1020 oriretur,

211 1053 293 1118 in
352 1054 723 1120 necessarias
779 1056 913 1121 ilias
967 1070 1030 1121 et
1083 1073 1211 1120 non
1252 1056 1624 1123 necessarias
1664 1057 1917 1123 divisit:
1965 1058 2067 1123 hic

202 1185 431 1237 autem
470 1189 597 1236 non
638 1171 1008 1240 necessarias
1052 1172 1118 1237 in
1158 1178 1575 1259 παρανομοὺς,
1606 1192 1766 1255 quae
1792 1188 2065 1256 possunt

206 1288 538 1368 coerceri,
594 1302 657 1351 et
706 1292 1087 1375 ἰσχυροτέρας
1140 1290 1607 1356 vehementiores
1626 1337 1650 1370 ,
1710 1290 2064 1373 distinguit.

214 1403 742 1469 vehementiores
783 1406 967 1470 hasce
1008 1406 1158 1470 tales
1202 1423 1341 1471 esse
1382 1407 1642 1473 maxime
1678 1405 1867 1489 dicit,
1915 1427 2068 1488 qua-

214 1522 316 1586 les
364 1519 429 1586 in
470 1518 710 1587 somnis
768 1520 1029 1587 subinde
1083 1520 1476 1603 excitantur,
1529 1521 1781 1602 quando
1833 1521 2067 1603 reliqua

221 1655 373 1721 pars
405 1637 637 1718 animi,
689 1656 844 1718 quae
879 1624 1139 1703 r'ationis
1176 1653 1273 1703 est
1309 1637 1617 1721 particeps
1648 1657 1716 1702 ac
1756 1654 2072 1703 mansueta

214 1752 604 1835 obtinetque
656 1752 1121 1835 principatum,
1178 1754 1602 1836 obdormivit3
1665 1754 1763 1819 illa
1821 1768 2072 1833 autem,

229 1888 394 1950 quae
437 1869 714 1934 immanis
752 1885 845 1936 est
885 1889 952 1934 ac
997 1868 1170 1951 fera,
1211 1873 1309 1937 vel
1334 1872 1485 1935 vino
1516 1872 1614 1936 vel
1636 1870 1781 1935 cibo
1805 1871 2075 1953 repleta,

227 1983 497 2067 trepidat
530 1984 878 2066 abactoque
915 2003 1139 2051 somno
1191 1986 1441 2069 longius
1490 1986 1817 2068 procedere
1863 1986 2075 2049 studet

232 2117 483 2180 auoque
532 2100 786 2182 ingenio
853 2100 1245 2184 satisfacere3
1331 2116 1464 2167 tum
1545 2119 1698 2165 vero
1769 2100 1915 2165 hacc
1987 2101 2076 2165 nil

228 2233 362 2281 non
404 2212 605 2282 facere
638 2218 930 2284 sustinet.
1019 2219 1242 2283 Omnia
1279 2218 1426 2283 huic
1469 2219 1601 2284 visa
1648 2217 2077 2302 objiciuntur,

233 2346 441 2397 mente
477 2351 545 2397 ac
584 2334 822 2400 ratione
858 2352 1092 2412 vacua,
1153 2349 1219 2397 ut
1264 2348 1372 2397 aut
1417 2352 1556 2397 cum
1609 2349 1800 2399 matre
1843 2351 2076 2414 corpus

233 2448 490 2514 miscere
541 2450 866 2530 videatur,
925 2432 1032 2514 au⁸t
1081 2468 1223 2514 cum
1270 2447 1502 2530 quovis
1536 2448 1656 2513 aiio
1696 2450 1790 2512 vel
1834 2450 2083 2513 homine

236 2566 337 2630 vel
392 2565 551 2646 deo,
604 2583 788 2647 saepe
849 2564 1095 2636 bellua:
1156 2581 1346 2645 atque
1403 2564 1580 2628 etiam
1632 2564 1939 2629 trucidare
1976 2564 2084 2626 ali·

233 2698 419 2762 quem
467 2696 528 2746 et
580 2680 767 2763 impie
814 2697 1180 2759 cruentare,
1242 2682 1560 2761 multaque
1600 2678 1798 2745 facere
1843 2679 2084 2760 impure

228 2811 422 2880 atque
476 2811 629 2864 tetre
677 2816 819 2863 cum
863 2798 1198 2863 temeritate
1237 2813 1426 2877 atque
1471 2780 1879 2879 impudentia.
1967 2797 2079 2862 Pa·

233 2927 325 2978 tet
368 2912 559 2991 hinc,
623 2931 803 2993 quam
861 2913 1234 2991 vehemenS,
1294 2931 1474 2993 quam
1530 2912 1836 2993 immane,
1893 2931 2075 2993 quam

224 3028 432 3095 dirum
486 3029 890 3110 cupiditatum
939 3046 1132 3110 genus
1185 3029 1420 3093 homini
1476 3029 1658 3096 insit:
1709 3027 1770 3093 id
1819 3031 2079 3095 maxime

238 3144 886 3225 animadvertendum,
929 3145 1035 3209 ubi
1079 3163 1282 3209 ortum
1342 3146 1646 3226 tyrannici
1705 3145 1820 3209 viri
1872 3146 2081 3210 consi·

240 3260 547 3328 deramus.
634 3260 830 3344 Finge
865 3262 1148 3345 juvenem
1168 3298 1198 3339 »,
1247 3259 1639 3325 democratici
1686 3258 1802 3323 viri
1850 3260 2080 3335 filium,

234 3374 519 3441 similiter
561 3391 746 3458 atque
787 3375 987 3457 ipsius
1033 3390 1262 3457 patrem
1294 3421 1318 3453 ,
1375 3373 1587 3439 multis
1628 3373 1935 3453 variisque
1975 3392 2086 3437 cu·

240 3491 605 3574 piditatibus
628 3491 960 3574 agitatum:
1005 3490 1269 3572 primum
1318 3489 1566 3569 quidem
1611 3489 1670 3553 in
1704 3505 1919 3552 omnes
1949 3507 2085 3570 par-

244 3623 339 3671 tes
421 3606 830 3671 distrahetur:
913 3603 1131 3668 deinde
1192 3621 1337 3668 vero
1363 3649 1386 3682 ,
1468 3618 1657 3682 quum
1744 3600 2084 3681 tyrannidis

240 3719 516 3789 fautores
558 3722 1007 3785 adolescentem
1053 3718 1540 3784 existimaverint
1573 3725 1697 3780 non
1736 3715 1849 3780 alia
1899 3734 2089 3798 posse
2131 3702 2144 3721 ⁸

236 3838 489 3905 satione
539 3835 891 3914 contineri,
942 3822 1210 3899 amor-cin
1267 3830 1322 3897 ei
1369 3832 1689 3931 quemdam
1747 3830 1954 3895 indere
1996 3829 2091 3893 ni-

244 3970 506 4034 tuntur,
557 3954 855 4037 τροςῶτην
905 3958 1018 4022 τῶν
1066 3955 1262 4035 ἀργῶν
1302 3952 1528 4023 καὶ,τά
1569 3946 1778 4031 ἕτοιμαι
1820 3952 2085 4029 διανεμο-

242 4075 433 4156 μένων
513 4073 859 4153 ἐπιθυμιῶν,
942 4065 1279 4151 praesidem
1360 4066 1710 4130 otiosorum
1767 4077 1956 4145 atque
2020 4064 2095 4126 li-

2011 4176 2102 4239 bi.
