2792 5167
1478 474 1875 540 ——124-t

723 630 1186 715 significante&
1231 653 1356 717 qna
1409 635 1590 704 unice
1646 639 1995 722 perficitur.
2087 641 2156 706 In
2210 641 2438 709 avibus
2474 631 2605 708 ob-

719 751 1031 821 servandis
1071 753 1338 820 humana
1387 756 1703 836 quaeritur
1744 756 2048 842 cogitatio
2073 804 2095 838 ‚
2143 757 2600 842 intelligentia,

721 867 1082 951 disquisitio
1100 916 1127 951 ,
1204 873 1384 950 οἴησις
1404 925 1423 950 ,
1492 879 1617 952 νοὸς
1635 926 1653 951 ,
1719 876 1904 960 ἵςοριω
1925 922 1950 959 ,
2013 877 2176 942 unde
2231 882 2550 955 οἷονοϊςικῆ
2576 922 2603 959 ‚

719 1004 877 1067 quae
914 984 1392 1055 hodievocatur
1424 996 1733 1071 οἱωνιςικῆ.
1783 993 1849 1038 (¹)
1927 994 2053 1062 Sed
2082 996 2195 1060 hac
2228 1008 2365 1063 arte
2399 1014 2613 1078 quan-

716 1116 789 1169 to
834 1102 939 1171 illa
989 1102 1267 1170 nobilior
1318 1119 1415 1171 est
1448 1121 1511 1172 et
1548 1107 1802 1173 nomine
1841 1121 1902 1172 et
1947 1128 2015 1173 re
2033 1154 2055 1190 ‚
2101 1124 2279 1175 tanto
2314 1109 2609 1191 pruden-

714 1219 808 1289 tia
857 1221 1128 1288 humana
1171 1222 1608 1305 praestabilior
1660 1221 1839 1289 ftnor
1896 1240 2039 1307 est,
2114 1225 2227 1309 qui
2277 1224 2627 1295 divinitus.

719 1339 1033 1407 excitatur
1054 1359 1076 1403 ε
1131 1341 1307 1423 quod
1347 1339 1471 1423 ipsi
1508 1340 1719 1407 testati
1775 1356 1923 1407 sunt
1960 1340 2248 1424 antiqui,
2289 1356 2366 1407 ut
2398 1361 2443 1407 e
2481 1360 2617 1406 no-

718 1454 997 1523 minibus
1074 1455 1470 1539 intelligitur.
1571 1458 1708 1544 Jam
1787 1478 1937 1525 vero
2017 1458 2617 1542 ingravescentibus

720 1573 964 1643 morbis
1002 1589 1065 1641 et
1100 1574 1597 1656 calamitatibus,
1641 1574 1824 1641 furor
1874 1594 2004 1641 non
2056 1576 2360 1641 neminem
2408 1594 2619 1642 occu-

713 1706 825 1775 pat
843 1738 869 1773 ,
889 1707 954 1761 et
974 1738 999 1770 ‚
1023 1711 1155 1773 quo
1178 1690 1305 1757 illis
1321 1708 1512 1773 pacto
1548 1691 1793 1757 liberari
1823 1708 2111 1775 oporteat
2126 1738 2152 1774 ‚
2172 1694 2562 1759 vaticinatus
2581 1740 2608 1774 ‚

714 1806 1056 1877 remedium
1109 1825 1323 1873 eorum
1375 1806 1639 1873 invenit.
1728 1806 2131 1890 confugiunt
2178 1807 2270 1873 illi
2314 1812 2393 1874 ad
2425 1810 2619 1876 Deo-

715 1943 854 2017 rum
909 1940 1125 2008 preces
1188 1937 1253 1989 et
1291 1925 1580 1991 cultum=
1626 1924 1791 1990 unde
1856 1923 2242 2007 expiationes
2292 1923 2615 1990 initiatio-

713 2060 956 2126 nesque
1018 2042 1344 2111 consecuti
1373 2088 1397 2124 ‚
1479 2042 1739 2126 integri,
1772 2041 2040 2125 purique
2112 2041 2466 2108 redduntur
2528 2043 2611 2108 ad

716 2180 1011 2247 praesens
1048 2176 1297 2244 tempus
1337 2175 1401 2229 et
1436 2160 1789 2241 fututum2
1813 2179 1926 2242 per
1984 2175 2219 2229 rectum
2277 2160 2448 2224 hunc
2498 2158 2612 2224 fu-

712 2298 915 2345 rorem
953 2277 1370 2362 praesentium
1429 2277 1731 2341 malorum
1780 2274 1903 2339 sibi
1956 2274 2385 2341 liberationem
2424 2248 2615 2341 in've-

710 2396 982 2467 nienteS.
1072 2393 1333 2460 Tertius
1391 2412 1432 2461 ο,
1474 2391 1689 2459 Musis
1747 2408 1845 2458 est
1897 2390 2112 2474 furor,
2159 2391 2268 2474 qui
2312 2406 2608 2459 tenerum

710 2515 1144 2596 intactumque
1198 2511 1472 2578 animum
1531 2527 1889 2591 occupanS‚
1956 2510 2182 2576 excitat
2227 2529 2368 2574 eum
2405 2512 2615 2575 afflat-

679 2650 842 2713 ·que
895 2626 1189 2699 cantibus
1245 2626 1550 2709 omnique
1600 2624 1828 2709 poesi,
1871 2642 2061 2708 atque
2112 2625 2437 2692 innumera
2500 2645 2615 2691 ce-

714 2748 964 2817 lebrans
1038 2745 1443 2830 antiquorum
1529 2742 1847 2824 facinora,
1923 2761 2216 2828 posteros
2289 2742 2601 2810 instituit.

716 2866 1124 2954 Quicumque
1202 2883 1355 2930 vero
1426 2862 1565 2929 sine
1641 2861 1973 2928 Musarum
2031 2861 2244 2928 furore
2304 2862 2604 2945 poeticus

719 2983 895 3053 fores
947 2984 1121 3065 adit,
1165 2981 1537 3069 confidens,
1590 2993 1721 3044 arte
1767 2998 1839 3045 se
1877 2982 2137 3060 quadam
2175 2993 2421 3063 poetam
2464 2997 2614 3043 esse

717 3117 1092 3176 evasurum,
1154 3104 1269 3161 nec
1330 3096 1466 3163 voti
1527 3093 1635 3158 ille
1692 3112 1956 3177 compos
2013 3096 2116 3161 fiet
2167 3111 2229 3159 et
2268 3094 2606 3165 „evanescit

715 3215 855 3297 ipse
911 3232 1057 3277 cum
1110 3209 1404 3292 prudenti
1463 3228 1579 3275 sua
1638 3209 1814 3289 poesi
1872 3230 2018 3293 prae
2072 3212 2324 3276 illorum
2371 3212 2604 3292 poesi,

631 3370 636 3379 ‚
716 3328 831 3414 qui
888 3325 1107 3396 divino
1167 3324 1447 3393 afflantur
1514 3324 1842 3392 numine.''
1886 3325 1950 3369 ‘²2
2006 3326 2099 3392 Et
2152 3326 2274 3389 hoc
2339 3325 2603 3406 quidem

2461 3462 2606 3510 ora·

785 3630 895 3707 (ι)
916 3632 1083 3686 Recte
1131 3632 1207 3684 sic
1253 3629 1436 3683 locum
1489 3625 1727 3683 servavit
1758 3636 1814 3680 et
1848 3629 2112 3697 explicuit
2145 3630 2393 3687 Hermiae
2426 3630 2596 3693 sebo·-

716 3725 812 3777 liis
857 3724 924 3776 ad
971 3723 1027 3775 h.
1065 3722 1104 3775 l.
1155 3720 1229 3773 V.
1270 3721 1459 3773 Aetius
1506 3718 1572 3770 ad
1622 3715 1679 3769 h.
1729 3717 1768 3768 l.
1897 3721 1978 3789 (2)
2021 3718 2251 3772 Phaedr.
2283 3722 2382 3774 242
2420 3721 2483 3773 B.
2518 3741 2596 3761 -·

718 3813 820 3868 245
862 3816 929 3867 A.
987 3813 1076 3865 Cf.
1113 3811 1212 3865 265
1262 3810 1324 3864 B.
1382 3810 1471 3862 Cf.
1524 3807 1678 3859 Plato
1736 3807 1867 3860 Ione
1922 3828 1976 3878 p.
2031 3809 2133 3863 553
2180 3810 2245 3862 E.
2291 3810 2392 3861 534
2431 3810 2502 3861 A.
2538 3811 2594 3857 et

720 3904 888 3970 Apol.
922 3903 1080 3958 Socr.
1119 3919 1186 3954 22
1223 3900 1284 3953 B.
1344 3899 1390 3952 E
1438 3899 1745 3951 Democriti
1801 3898 2017 3966 placitis
2076 3900 2381 3968 profecisse,
2400 3896 2595 3949 Plato-

715 4008 839 4046 nom
862 4025 880 4052 ‚
919 3989 1282 4055 probabiliter
1327 3986 1709 4049 animadvertit
1762 3984 2036 4040 Groenius
2081 3986 2407 4056 Prosopogr.
2448 3984 2589 4035 Plat-

716 4101 774 4155 Ρ.
815 4080 901 4135 4ι.
939 4076 1180 4131 Platonis
1210 4076 1279 4131 de
1309 4078 1465 4147 poesi
1496 4076 1789 4133 sententiae
1842 4075 1980 4133 hane
2026 4078 2332 4135 Democrit-i
2367 4072 2591 4207 ⁸¹33?

2571 4182 2589 4211 ι
