2792 5167
1067 457 1380 521 ,9-

287 649 562 737 losophi
618 649 697 718 ad
742 650 928 718 finem
964 647 1266 717 saturant
1296 648 1489 717 citius
1525 652 1765 734 πλεο,
1808 669 1991 737 quam
2038 671 2154 741 par

299 785 459 851 est,
502 765 837 850 statimque
888 764 1192 833 disserere
1229 765 1310 833 de
1348 783 1553 848 vero,
1615 765 1691 832 de
1744 769 1978 835 mundo
2025 798 2150 854 m,-

302 889 394 972 τᾷ
415 930 441 968 ,
478 884 560 952 de
596 879 1045 967 metaphysicae
1068 926 1094 963 ,
1139 901 1326 966 quam
1364 896 1597 949 vocant
1619 929 1645 965 ‚
1687 883 2009 969 principiis
2046 907 2152 954 so·

312 1000 472 1069 lam
530 1015 708 1066 certe
756 996 1192 1086 principium,
1255 1000 1432 1083 quod
1502 998 1827 1082 diximus,
1893 999 2197 1096 Socrati-'

305 1130 444 1182 tum
481 1127 550 1182 'et
564 1115 953 1183 Platonicum
979 1163 1004 1198 ,
1029 1136 1303 1182 amorem
1324 1115 1782 1202 ‚negligentius
1803 1117 2154 1189 attendunt.

339 1265 347 1273 ·
377 1230 532 1321 Quo
566 1232 769 1318 magis
784 1250 912 1297 nos
947 1232 1255 1298 continuo
1272 1277 1300 1314 ‚
1319 1244 1396 1298 ut
1427 1233 1610 1298 Plato
1651 1230 1801 1299 fecit
1822 1280 1848 1316 ‚
1884 1233 2160 1304 innatum

298 1350 480 1417 hunc
558 1348 758 1415 nobis
819 1347 961 1414 veri
1026 1364 1295 1415 amorem
1354 1347 1842 1431 explorabimus:
1906 1363 1976 1418 et
2030 1352 2159 1438 pri-

300 1480 489 1532 mum
544 1462 796 1548 quidem
866 1480 1209 1549 puerorum
1268 1462 1676 1532 observandis
1735 1465 1873 1533 sive
1921 1468 2164 1536 adoles-

303 1595 566 1647 centum
621 1576 876 1663 studiis,
939 1580 1006 1646 in
1069 1579 1345 1665 quibus,
1405 1595 1481 1648 ut
1542 1582 1630 1649 ait
1684 1582 1963 1667 Cicera,
2022 1583 2160 1670 ipsa

300 1710 525 1767 utun
557 1698 761 1764 elucet
799 1698 866 1765 in
895 1697 1156 1783 primis:
1203 1711 1336 1763 tum
1375 1698 1636 1765 maxime
1673 1700 2152 1787 quaestionibus

299 1813 688 1900 explicandis
726 1813 1107 1902 gravissimis
1129 1861 1156 1896 ‚
1199 1815 1355 1900 quid
1385 1814 1626 1882 discere
1658 1816 1746 1883 sit
1772 1862 1798 1898 ,
1843 1818 1997 1900 quid
2037 1819 2156 1887 do·

297 1948 485 2021 cere,
528 1949 692 2017 quae
742 1950 885 1999 vera
925 1930 1010 1998 sit
1047 1930 1403 2015 eloquentia
1423 1976 1450 2012 ‚
1493 1948 1654 2014 quae
1674 1932 1849 2017 justa
1891 1931 2155 2001 scriben-

299 2048 372 2116 di
411 2047 608 2116 ratior
654 2067 816 2134 quae
854 2063 1027 2117 recte
1063 2033 1407 2133 explicari,
1448 2049 1573 2115 nisi
1634 2066 1715 2116 ex
1751 2048 1887 2116 veri
1943 2069 2154 2118 amore

303 2179 528 2234 nostro
550 2212 576 2248 ‚
596 2184 725 2234 non
739 2184 1017 2252 possum·
1031 2173 1074 2247 ‚·
1098 2164 1181 2233 fic
1213 2180 1422 2232 autem
1458 2166 1784 2248 explicitae
1805 2210 1831 2247 ,
1869 2166 1946 2233 ad
1988 2163 2151 2235 idem

305 2281 432 2350 hoc
495 2281 700 2348 omnis
742 2280 1124 2368 cognitionis
1162 2279 1725 2365 philosophiaeque
1776 2280 2153 2367 principium

306 2395 577 2464 interius
612 2396 1080 2480 percipiendum
1097 2443 1124 2476 ‚
1180 2395 1309 2463 vim
1354 2394 1680 2464 habiturae
1716 2397 2035 2464 maximam
2064 2399 2159 2466 vi·

300 2512 561 2580 dentur.
646 2511 784 2578 Nec
825 2512 1089 2579 deerunt
1121 2511 1312 2578 nobis
1348 2512 1418 2577 in
1456 2513 1557 2608 his
1595 2514 2000 2598 exquirendis
2041 2536 2157 2601 op-

305 2627 730 2712 portunitates
753 2670 779 2706 ‚
822 2626 1061 2708 quihus
1100 2626 1171 2688 in
1233 2643 1485 2690 omnem
1541 2627 1956 2709 exspatiemur
2009 2633 2161 2698 anti-

309 2738 624 2827 quitatem
648 2758 672 2806 2
735 2735 910 2823 quod
965 2756 1082 2806 nec
1111 2737 1516 2824 injucundum
1580 2742 1697 2808 erit
1735 2757 1803 2810 et
1852 2746 2113 2828 perutile
2134 2790 2159 2829 ,

301 2860 504 2928 immo
546 2874 698 2924 vero
744 2856 823 2924 ad
866 2875 994 2922 rem
1018 2902 1043 2937 ‚
1090 2874 1279 2940 quam
1318 2856 1674 2944 indagamus
1693 2906 1720 2942 ‚
1744 2860 2159 2944 reperiendam

298 2972 742 3044 necessarium.
806 2970 974 3040 Nam
1010 2970 1188 3039 Plato
1228 2973 1682 3060 philosophiam
1722 2976 1940 3061 suam3
1981 2997 2152 3065 non,

299 3104 377 3157 ut
435 3088 792 3175 systematis
852 3102 1073 3154 auctor
1129 3088 1354 3172 aliquis
1376 3138 1404 3173 ,
1445 3092 1608 3159 libro
1655 3094 1895 3162 cuidam
1952 3097 2158 3165 inclu-

298 3207 418 3291 sit,
459 3206 574 3275 sed
630 3206 800 3274 hunc
857 3204 1100 3272 scilicet
1155 3204 1222 3271 in
1273 3208 1527 3275 modum
1586 3210 1887 3295 scripsit,
1929 3227 2004 3278 ut
2048 3232 2161 3280 ve-

306 3322 498 3390 ritatis
556 3320 940 3407 virtutisque
975 3320 1189 3388 studio
1243 3322 1324 3387 ad
1365 3322 1689 3390 dicendum
1732 3326 2163 3393 scribendum-

317 3454 441 3519 que
476 3437 767 3507 excitaret
807 3457 994 3521 quam
1034 3438 1373 3523 plurimos.
1463 3438 1653 3504 Unde
1693 3439 1758 3505 in
1799 3440 1976 3505 omni
2026 3439 2167 3510 lite-

313 3567 522 3619 rarum
545 3597 572 3633 ‚
625 3553 978 3636 praesertim
1053 3553 1335 3619 oratorio
1361 3600 1388 3634 ‚
1469 3571 1692 3640 genere
1717 3603 1744 3636 ‚
1828 3557 2162 3628 auctoritas

308 3669 462 3758 ejus
509 3665 766 3749 antiquo
803 3686 959 3736 aevo
990 3686 1241 3737 summa
1295 3666 1471 3734 fuit:
1536 3687 1649 3736 nec
1686 3671 1878 3755 plene
1925 3675 2161 3762 percipi

297 3782 504 3856 hodie
544 3781 878 3849 multorum
901 3830 927 3866 ‚
986 3784 1191 3869 ipsius
1231 3784 1387 3852 adeo
1445 3783 1891 3855 Demosthenis
1942 3806 2008 3858 et
2049 3789 2164 3861 ci-

300 3901 560 3982 ceronis
584 3946 614 3986 ,
637 3897 862 3986 scripta
904 3916 1176 3985 possunt
1197 3946 1223 3984 ,
1270 3899 1390 3967 nisi
1426 3900 1601 3970 lectis
1638 3921 1920 3976 acciu-ate
1955 3908 2166 3976 Plato·

904 4043 912 4052 ·
2063 4037 2164 4090 ms
