2792 5167
1426 510 1775 587 ...34-

663 688 828 754 intus
890 685 1312 765 afficiebatur,
1370 685 1462 751 sic
1511 685 1714 751 oculis
1762 683 1894 753 fere
1945 685 2195 754 videbat
2247 688 2528 770 pessime

660 822 731 873 ae
768 804 980 888 egisse
1024 801 1354 882 socordia,
1399 801 1491 868 sic
1531 802 1657 868 imo
1680 815 1932 885 pectore
1984 809 2056 869 et'
2087 802 2319 887 patriae
2347 824 2526 871 amo-

662 940 729 988 re
767 934 831 986 et
891 922 1339 1003 praeclarorum
1411 917 1753 984 facinorum
1827 918 2038 986 studio
2104 919 2522 987 inflammaba-

656 1053 788 1104 tur.
901 1035 1053 1122 Quo
1136 1034 1363 1101 factum
1391 1083 1417 1115 ,
1489 1049 1562 1097 ut
1621 1035 1799 1099 solus
1859 1034 2319 1103 Demosthenes
2381 1039 2520 1104 sola

658 1152 1055 1235 eloquentiae
1068 1150 1362 1217 facultate
1388 1153 1533 1234 plus
1557 1168 1666 1232 per
1707 1150 2058 1231 complures
2092 1169 2292 1216 annos
2309 1151 2528 1218 effice-

657 1288 727 1338 re
768 1270 850 1335 ad
896 1269 1187 1338 tuendam
1234 1286 1297 1336 et
1338 1267 1694 1336 servandam
1745 1264 2107 1347 Graeciam,
2184 1277 2367 1349 quam
2425 1269 2509 1334 ad

659 1387 1027 1456 domandam
1064 1386 1398 1470 Philippus
1436 1383 1667 1454 astutia
1688 1431 1711 1465 ,
1765 1368 1928 1450 'dolis
1955 1428 1978 1463 ,
2022 1383 2306 1466 praemiis
2334 1431 2358 1464 ,
2400 1401 2518 1467 pe<

659 1504 866 1578 cuniis
893 1551 918 1585 ,
980 1503 1406 1583 exercitibus,
1486 1500 1793 1568 classibus
1854 1499 2184 1566 diceretur.
2264 1501 2520 1588 Quodsi

653 1613 778 1696 jam
851 1611 980 1692 sit,
1048 1609 1156 1690 qui
1214 1622 1515 1691 quaerat,
1573 1608 1741 1674 unde
1812 1607 1961 1672 haec
2020 1606 2230 1674 divina
2289 1608 2376 1673 sit
2447 1608 2516 1675 in

659 1725 1090 1810 Demosthene
1159 1722 1405 1790 dicendi
1497 1722 1602 1788 vis
1675 1735 1741 1789 et
1809 1721 2073 1790 facultas
2144 1725 2520 1807 repetenda,

659 1839 810 1928 sibi,
844 1861 977 1910 eam
1008 1817 1258 1926 u‚debuit
1311 1837 1603 1924 profecto
1661 1852 1976 1904 oratorum
2031 1838 2323 1923 princeps
2349 1887 2372 1921 ‚
2437 1853 2524 1910 ut-

660 1960 785 2028 sibi
870 1978 1085 2026 omnes
1173 1956 1403 2023 debent
1475 1957 1852 2022 excellentes
1914 1955 2031 2019 viri
2087 1957 2514 2024 excellentiam

654 2093 872 2141 suam:
914 2089 1021 2152 et,
1068 2072 1187 2138 nisi
1252 2072 1343 2136 sic
1387 2071 1492 2137 ille
1532 2085 1718 2136 natus
1764 2071 1842 2135 ad
1881 2070 2298 2149 eloquentiam
2355 2069 2519 2140 fuis-

651 2205 791 2270 set,
856 2203 929 2254 ut
984 2186 1111 2256 fuit
1168 2188 1244 2253 ad
1324 2183 1794 2268 philosophiam
1853 2185 2144 2253 Socrates
2172 2233 2199 2267 ,
2274 2200 2526 2256 tantam-

651 2304 878 2392 hahcrc
934 2303 1029 2386 ind
1066 2299 1511 2390 rempublicam
1555 2298 1684 2366 vim
1707 2346 1732 2381 ,
1799 2315 2092 2384 quantam
2139 2303 2248 2378 hie
2287 2306 2514 2376 habuit

655 2421 737 2492 in.
766 2420 1228 2506 -philosophiae
1288 2418 1535 2497 studia,
1591 2435 1722 2482 non
1776 2417 2115 2499 potuisset.
2205 2421 2330 2487 Sed
2392 2423 2518 2490 So·

657 2538 811 2622 crati
874 2535 1093 2602 debuit
1172 2535 1478 2602 orationis
1542 2534 2033 2618 disciplinaeque
2107 2541 2510 2621 exemplum,

658 2660 787 2740 qua
840 2658 967 2728 una
1030 2653 1491 2733 efficacissime,
1555 2651 1865 2734 quidquid
1912 2651 2086 2720 intus
2145 2652 2210 2719 in
2257 2654 2516 2724 homine

655 2787 809 2854 est,
852 2770 1225 2848 suscitatur,
1272 2770 1564 2851 idemque
1621 2769 1698 2834 ad
1755 2770 1878 2836 hoc
1934 2773 2287 2854 exemplum
2340 2774 2514 2844 vide·

648 2902 755 2956 tut
818 2889 1153 2954 naturalem
1216 2886 1553 2966 eloquendi
1615 2884 2004 2958 facultatem·
2041 2889 2330 2970 acuisse,
2396 2910 2506 2959 ex-

650 3003 930 3068 coluisse
998 3013 1062 3064 et
1132 3015 1286 3063 vero
1363 3001 1473 3066 uni
1537 3001 1900 3070 adhibuisse
1973 3005 2346 3088 reipublicae
2399 3027 2502 3074 sa-

652 3114 794 3184 luti.
2249 3183 2256 3194 ,

666 3287 673 3296 .
731 3230 888 3299 Non
968 3229 1243 3299 imitatus
1313 3234 1578 3302 dicendo
1647 3250 1750 3304 est
1821 3238 1953 3305 sive
2006 3240 2316 3308 Socratem
2361 3239 2506 3308 sive

645 3352 964 3422 Platonem
1000 3349 1337 3422 Oratorum
1382 3369 1699 3421 summust
1728 3354 1794 3419 id
1813 3354 1874 3420 in
1913 3365 2146 3420 tantum
2185 3353 2516 3439 ingenium

647 3490 778 3540 non
821 3470 1118 3552 cadebat3
1185 3471 1294 3536 sed
1350 3473 1522 3552 quod
1578 3471 2000 3554 colloquendo
2056 3489 2204 3537 cum
2247 3473 2510 3558 juveni-

649 3586 770 3655 bus
826 3588 890 3653 in
945 3588 1224 3672 ipsorum
1260 3588 1478 3654 animis
1517 3588 1804 3655 effecerat
1845 3591 2176 3671 Socrates»,
2224 3605 2295 3657 ut
2336 3591 2510 3677 apud

646 3703 969 3770 Platonem
1026 3703 1414 3792 reperiebat,
1497 3706 1558 3772 id
1616 3707 1765 3785 ille,
1826 3707 1924 3773 his
1999 3709 2157 3793 ipsis
2224 3703 2506 3778 imbutus

653 3819 1005 3887 Socraticae
1058 3823 1422 3907 disciplinae
1468 3821 1794 3907 principiis
1821 3871 1846 3905 ‚
1912 3839 2108 3905 quum
2166 3825 2243 3890 ad
2301 3827 2508 3891 diceu-

646 3933 795 4000 dum
847 3953 918 4001 se
965 3937 1287 4019 dedisset,
1328 3939 1394 4005 in
1431 3939 1711 4007 universi
1751 3939 1975 4024 populi
2021 3941 2239 4008 animis
2281 3939 2503 4008 efficie-

647 4047 753 4119 bat
801 4064 1053 4136 sponte.
1143 4053 1297 4120 Erat
1356 4056 1480 4125 hoc
1540 4071 1747 4126 autem
1796 4058 2150 4144 ejusmodi,
2195 4072 2267 4134 ut
2298 4057 2507 4141 pude-

2403 4188 2509 4242 ret
