2792 5167
868 576 1253 641 ..235-

47 759 81 803 ι
164 737 445 803 mundi
503 739 897 820 generatione
959 737 1185 819 initio,
1264 737 1342 804 ad
1405 754 1602 823 genus
1668 739 2000 806 humanum

47 855 496 939 perveniat:
543 871 660 937 ego
702 869 904 921 autem
949 856 1243 940 deinceps
1267 904 1291 939 ,
1325 856 1678 940 suscipiens
1716 857 2000 924 homines

54 992 102 1037 a
160 970 486 1036 Timaeo
530 971 822 1056 genitos,
866 991 901 1039 a
947 990 1011 1039 te
1049 992 1201 1041 vero
1240 973 1615 1054 institutos,
1657 975 2001 1042 secundum

62 1084 398 1156 Solonis
462 1108 804 1155 sermonem
864 1092 1190 1174 legemque
1244 1091 1309 1157 in
1363 1091 1671 1175 judicium
1727 1105 2008 1157 vestrum

66 1208 437 1275 adducam
462 1253 486 1286 ‚
531 1207 931 1290 civitatisque
963 1209 1156 1293 hujus
1198 1208 1368 1275 cives
1409 1208 1661 1276 efficiam
1696 1225 1855 1290 eos,
1900 1207 2014 1291 qui

69 1327 311 1411 prisci
357 1326 462 1391 illi
494 1326 910 1392 Athenienses
948 1323 1250 1407 fuerunt,
1294 1345 1462 1409 quos
1500 1328 1625 1410 iam
1669 1326 2014 1392 exstinctos

80 1461 335 1508 sacrae
362 1442 831 1527 Aegyptiorum
874 1443 1088 1508 literae
1124 1444 1189 1509 in
1226 1445 1428 1509 lucem
1468 1461 1506 1510 e
1546 1441 1819 1511 tenebris
1860 1442 2015 1509 edu-

76 1574 355 1628 xerunt
384 1605 416 1640 ‚
482 1575 556 1625 ut
604 1562 681 1625 de
720 1560 886 1639 illis,
931 1575 1244 1643 tamquam
1300 1560 1378 1625 de
1437 1560 1755 1626 veteribus
1811 1561 2010 1627 Athe-

86 1676 517 1759 niensibus,
560 1677 749 1743 verba
784 1675 1065 1771 fiant.(¹)
1198 1678 1535 1744 Cernimus
1589 1679 1783 1761 hinc,
1827 1692 2013 1762 quam

88 1809 388 1861 vastum
440 1809 596 1879 post
635 1795 935 1863 Politian:
991 1815 1156 1881 opus
1202 1793 1549 1879 susceperit
1588 1799 1790 1865 PlstO.
1924 1796 2018 1865 Et

94 1911 415 1978 critiam
480 1911 727 1994 quidem
794 1914 1106 1998 dialogum
1129 1914 1167 1995 ‚'
1243 1931 1374 1995 quo
1427 1930 1492 1979 et
1546 1933 1785 1979 auream
1850 1912 2015 1981 illam

102 2032 537 2097 Athenarum
595 2047 851 2097 aetatem
897 2047 960 2097 et
1017 2032 1281 2097 insulam
1324 2030 1706 2098 Atlantidem
1751 2028 2022 2097 celebra·

104 2166 309 2215 turus
376 2163 559 2230 erat,
604 2149 961 2214 inchoatum
1015 2148 1320 2232 reliquit3
1367 2149 1684 2214 Timaeum
1728 2166 1878 2213 vero
1925 2147 2025 2232 ip·

113 2286 264 2332 sum
295 2313 320 2347 ,
374 2286 517 2349 quo
576 2267 732 2331 hanc
792 2265 1154 2332 instantium
1207 2283 1467 2350 operum
1520 2263 2024 2331 distributionem

120 2385 465 2465 instituit,
512 2384 608 2450 sic
649 2384 966 2465 absolvit‚
1015 2400 1083 2450 ut
1137 2404 1311 2450 suam
1368 2400 1616 2448 omnem
1677 2380 1739 2446 in
1789 2380 1902 2447 illo
1951 2381 2032 2449 de

124 2504 436 2583 mnnd0‚
498 2504 575 2568 de
635 2504 775 2569 Deo
826 2522 896 2568 ac
945 2504 1021 2570 de
1071 2502 1320 2569 homine
1366 2499 1712 2566 doctrinam
1762 2496 2030 2581 explica·

128 2636 251 2685 ret.

218 2735 635 2819 Interpretati
700 2737 864 2800 hunc
927 2736 1239 2819 dialogum
1308 2732 1493 2800 multi
1548 2731 1633 2798 ita
1691 2746 1888 2813 sunt,
1953 2746 2025 2799 ut

137 2852 352 2918 minus
399 2852 685 2951 Platonis
737 2854 815 2917 tie
872 2855 1058 2918 rebus
1109 2852 1341 2919 divinis
1387 2867 1451 2916 et
1496 2850 1783 2917 humanis
1838 2849 2030 2932 placi-

142 2984 249 3051 ta,
296 2989 495 3052 quam
538 2989 710 3035 suam
756 2970 880 3053 ipsi
908 2990 1053 3036 cum
1085 2968 1631 3053 philosophicam,
1678 2984 1811 3034 tum
1853 2967 2035 3033 theo·

142 3085 413 3170 logicam
460 3086 808 3153 doctrinam
853 3086 1281 3167 attenderent,
1327 3103 1589 3169 eamque
1623 3084 2032 3167 interpretan-

144 3204 227 3268 do
281 3204 649 3288 antiquitati
709 3224 779 3270 ac
821 3203 1065 3270 Platoni
1120 3203 1550 3272 obtruderent.
1574 3200 1659 3271 (²)
1789 3202 1855 3269 A
1904 3220 2028 3285 qua

144 3337 267 3385 uos
324 3321 696 3401 temeritate„
734 3341 809 3386 eo
858 3321 1101 3388 facilius
1147 3321 1503 3388 cavebimus
1529 3369 1553 3404 ,
1596 3342 1726 3405 quo
1769 3323 2032 3408 diligen·

149 3434 278 3501 tius
352 3438 506 3522 ipsa
571 3438 849 3505 Platonis
932 3437 1154 3521 placita
1235 3456 1311 3504 ex
1384 3440 1522 3523 ejus
1594 3440 1846 3524 scriptis
1919 3442 2030 3508 de·

154 3551 384 3620 eierare
434 3555 820 3623 studuimus.
913 3554 1036 3620 Sed
1084 3553 1289 3638 ipsum
1344 3556 1651 3623 continuo
1701 3556 2027 3625 Timaeum

1897 3671 2027 3738 dis-

226 3859 319 3928 (ι)
363 3864 511 3917 Tim.
549 3879 612 3933 ²⁷
652 3864 721 3919 A.
746 3862 810 3916 B.
948 3864 1039 3932 (ει)
1073 3860 1506 3928 V-Cudworth,
1570 3867 1805 3934 Syetem·
1838 3866 2026 3921 intell.

163 3954 248 4014 od.
280 3956 628 4014 Moshemioz
678 3979 1000 4031 quamquam
1040 3961 1373 4017 Moshemius
1397 3999 1417 4028 ,
1471 3981 1576 4032 qu·
1616 3972 1734 4018 ent
1772 3984 1892 4019 cum
1931 3967 2026 4019 in-

161 4057 297 4123 genii
336 4066 661 4129 sagacitate,
710 4068 821 4114 tum
855 4061 1135 4115 doctrinae
1175 4063 1368 4131 copis,
1418 4063 1662 4128 rectius,
1706 4082 1866 4134 quam
1908 4064 2022 4117 Pa-

168 4160 271 4210 tres
290 4158 564 4239 Ecclesiae
580 4162 805 4232 ipseque
830 4161 1212 4219 Cudworthius
1238 4196 1257 4228 ‚
1294 4159 1381 4216 hia
1425 4160 1493 4217 de
1535 4164 1698 4219 rebus
1734 4164 2018 4235 judicavit·
